3542 5309
960 649 1141 755 Lxxml

261 761 312 834 nis
340 759 480 834 tollatur
504 782 562 853 per
578 760 780 854 hypotheses.
803 757 891 830 Cum
908 753 1100 830 inductione
1118 783 1190 854 pet·

265 901 369 974 petua
411 905 450 950 ex
478 880 710 973 phoenomenis
748 901 929 972 corporum
966 879 1188 962 coelestium,

264 1021 368 1096 atque
399 998 592 1070 terrestrium
617 985 747 1069 chester
778 1019 920 1091 corpora
951 995 984 1068 in
1011 1022 1046 1068 se
1070 982 1189 1071 mutuo

267 1119 445 1214 gravinam,
477 1141 578 1214 eaque
604 1113 812 1210 gravitatione
835 1115 908 1188 ferri
933 1117 1058 1212 singula
1082 1139 1191 1189 versut

268 1263 324 1308 sua
352 1255 488 1320 centra3
511 1259 734 1332 quaecumque
757 1233 818 1306 alia
843 1235 1032 1336 hypothesis
1055 1235 1193 1332 excogi-

270 1377 358 1428 tetur
398 1354 581 1428 arduorum
606 1357 908 1447 phaenomeuorunr
933 1355 1191 1448 explicationem

273 1475 395 1546 nullius
420 1474 480 1546 erit
498 1474 674 1560 momentu
698 1473 724 1544 si
750 1497 832 1546 vero
854 1471 1063 1548 advertantur
1085 1475 1192 1571 aliqua

274 1593 451 1688 peculiaria
477 1591 641 1683 adjuncta,
667 1591 786 1690 quibus
809 1591 1061 1688 positiseadem
1087 1592 1192 1688 gravi·
1220 1605 1224 1612 '

277 1712 407 1784 tationis
436 1714 489 1786 lex
516 1711 706 1810 quibusdam
731 1713 925 1806 corporibus
948 1710 1190 1789 accommodari

277 1853 441 1929 nequeat,
480 1851 549 1901 tum
575 1831 759 1922 exceptioni
785 1831 847 1902 erit
870 1835 989 1914 locus,
1027 1831 1083 1903 sed
1107 1855 1192 1930 quae

279 1951 455 2046 generatim
483 1975 522 2020 ex
539 1950 729 2022 inductione
754 1949 990 2048 colligebantur
1005 1969 1193 2024 constanter

283 2070 601 2148 utancbunttadem.

338 2196 412 2262 Hae
436 2186 610 2284 tegulensi
635 2206 803 2262 serventur
827 2211 844 2256 a
871 2189 1015 2261 Naturae
1031 2186 1197 2271 studioso.

285 2326 315 2378 et
337 2309 431 2378 illum
455 2325 667 2404 compescunt
696 2328 813 2380 cuncta
838 2311 1000 2406 <quaelibet
1026 2308 1197 2405 proposita

287 2425 459 2520 explicandi
485 2449 629 2509 aestum,
662 2445 759 2524 atque
783 2427 953 2506 forotemt
979 2455 1075 2526 quarn
1100 2427 1197 2502 arctit

286 2547 563 2618 circumscribatur
586 2536 742 2622 limitibus
754 2549 892 2620 humana
905 2573 999 2622 mens
1013 2548 1198 2628 ostendentt

288 2688 377 2762 atque
412 2667 582 2736 hominem
609 2667 687 2738 dum
721 2665 943 2737 manuducent
976 2665 1018 2736 ad
1051 2665 1200 2760 physicae

290 2786 434 2858 veritates
459 2784 578 2881 aliquas
602 2783 858 2878 intelligendas,
880 2784 921 2858 ad
946 2784 1114 2856 Creatoris
1138 2783 1199 2858 ob·

290 2906 432 3000 sequium
457 2904 599 2976 animum
624 2901 784 2984 flectunt,
810 2903 946 2974 modurn
973 2903 1129 2997 ponendo
1146 2927 1200 2974 ru·

292 3026 438 3114 perbiae,'
460 3049 523 3120 qua
547 3023 739 3122 plerumque
765 3041 866 3096 tumet
890 3025 1017 3108 horno,
1042 3023 1067 3118 si
1092 3021 1199 3097 scien·

292 3143 363 3212 tiam
393 3143 542 3216 videatur
565 3163 740 3214 assecutus.

345 3237 520 3334 scientiam
545 3262 630 3334 enim
643 3265 785 3332 Naturae
809 3260 1018 3338 universalem
1032 3283 1200 3358 perperam
1215 3267 1220 3313 ’-

292 3369 503 3478 inquirimus:
540 3381 661 3452 etenim
687 3405 882 3478 quamquam
909 3380 1003 3453 nobis
1038 3382 1100 3454 sint
1127 3403 1201 3474 prae

295 3501 436 3573 manibus
468 3483 722 3596 quamplurimae
748 3500 897 3570 veritates
922 3501 1108 3584 naturalem
1143 3521 1202 3574 eae

296 3635 397 3690 tamen
423 3639 499 3690 sunt
524 3618 621 3690 veluti
647 3617 786 3690 totidem
814 3619 946 3710 annuli,
981 3642 1121 3716 quorum
1147 3639 1206 3688 ne·

296 3761 347 3810 xus
371 3737 412 3808 ad
438 3739 517 3808 illud
541 3737 704 3833 simplex,
743 3760 775 3817 er
812 3763 914 3807 unum
938 3736 1206 3810 constituendum

297 3856 447 3929 hactenus
472 3859 568 3944 latet3
595 3856 747 3955 quamdiu
772 3856 858 3928 enim
882 3856 1125 3927 intimaturum
1151 3881 1207 3926 na·

297 3993 360 4048 tura
386 4003 446 4048 nor
457 3975 571 4072 fugit,
597 3967 761 4070 nunquam
780 3961 827 4046 ,ad
842 3975 1051 4048 universalem
1068 3977 1209 4046 Naturae

299 4094 461 4166 universae
487 4094 717 4190 cognitionem
744 4076 950 4196 contendere
976 4119 1164 4190 possumus.

313 4259 316 4268 .
364 4214 431 4288 Etsi
456 4213 545 4290 enim
569 4215 695 4314 aliquae
721 4212 868 4292 theoriae
893 4213 1060 4298 rideantur
1081 4237 1213 4289 accurat·
