3542 5309
575 673 681 773 eom,
700 670 850 758 invenit,
872 668 965 767 cuius
989 694 1055 769 ope
1078 667 1250 769 gravitates
1274 668 1537 755 solidorum,

576 816 611 868 et
624 795 822 892 liquidorum
833 814 952 869 mutuo
965 812 1167 887 comparatae
1187 811 1316 889 possent
1330 789 1534 887 expendi.

633 912 890 1009 Thelescopium
916 911 1073 994 confecit,
1097 936 1205 1009 eoque
1229 912 1262 984 in
1286 915 1434 983 Lunam
1461 910 1537 981 fal-

573 1052 679 1107 eatarn
702 1055 889 1116 converso,
912 1030 982 1125 eius
1006 1050 1101 1103 arcus
1112 1032 1279 1103 cavitatem
1299 1030 1387 1101 vidit
1421 1054 1532 1126 pro·

573 1151 737 1235 attinentiis
761 1174 929 1249 asperam,
953 1149 1050 1223 instar
1074 1174 1197 1233 serrae,
1223 1149 1305 1221 dixit
1328 1152 1386 1223 has
1423 1173 1533 1245 prou

571 1269 745 1346 minentias·
774 1296 843 1345 esse
865 1271 990 1343 lunares
1022 1287 1178 1352 montes,
1216 1290 1302 1365 qteos
1330 1268 1528 1361 deinceps

570 1390 690 1463 elarius
713 1390 848 1474 detexit,
872 1410 906 1461 et
918 1378 1524 1489 dimensusestrflumloveru*ob-

550 1496 744 1593 'serraban
780 1510 840 1581 rria
864 1506 986 1579 detexit
1010 1516 1149 1603 cot'pota
1174 1506 1284 1579 lucida
1312 1530 1424 1605 usque
1467 1504 1523 1577 ad

569 1624 639 1701 iroc
663 1645 791 1723 tempas
816 1626 1031 1721 inconspicua
1056 1626 1207 1699 modicae
1229 1624 1518 1727 magnitudinis,

570 1767 656 1843 quae
665 1789 671 1816 ,ι
680 1744 721 1816 ab
745 1745 841 1818 initio
864 1746 969 1817 stellas
993 1744 1137 1841 putavit3
1168 1744 1379 1841 sequentibus
1403 1758 1516 1815 veto

570 1862 727 1958 tionibus
748 1887 860 1964 quum
875 1862 1064 1937 advertisset
1089 1862 1213 1935 dimota
1237 1861 1335 1937 fuisse
1366 1864 1411 1933 de
1445 1862 1514 1935 lo·-

568 1982 731 2067 cissuis,
766 2004 802 2055 et
837 2002 989 2081 quartum
1013 1980 1117 2053 simile
1140 1998 1253 2077 postea
1275 1980 1508 2077 apparuisse,

568 2123 688 2172 eorum
712 2113 823 2176 motus
851 2120 1053 2175 consectatus
1078 2119 1153 2185 est,
1187 2100 1397 2197 perviditqne
1420 2090 1521 2173 sin-¹

566 2218 645 2317 gula
668 2221 786 2294 Iovem
810 2217 1068 2301 circumambire,
1091 2218 1243 2317 etsequi,
1266 2219 1504 2317 quemadmo-

566 2336 648 2407 dum
671 2341 764 2410 Luna
786 2339 933 2437 sequitur
954 2337 1117 2411 Tellurem
1143 2356 1283 2410 nostram
1296 2380 1320 2420 ‚·
1343 2336 1502 2434 appella·

565 2454 678 2553 vitque
700 2456 850 2531 satellites
872 2456 976 2543 lotias
995 2457 1103 2531 stellas
1115 2456 1309 2530 Medicaeas.
1333 2455 1499 2558 Censet·
1567 2486 1568 2551 r

562 2593 639 2648 rens
675 2574 913 2672 thelescopiunr
936 2578 982 2647 -in
1007 2578 1167 2647 Venerem
1197 2574 1300 2668 ipsam
1327 2573 1492 2647 falcatam
1567 2564 1568 2567 ¹

564 2693 664 2767 'etiam
688 2695 854 2791 sarsprexit·5
876 2714 910 2769 et
932 2694 1209 2794 quemadmodum
1233 2692 1496 2789 ratiocinatione

561 2809 629 2907 jam
653 2813 862 2906 conjecerat,
899 2838 1010 2887 revera
1034 2810 1251 2906 deprehendit
1271 2814 1385 2905 phasee
1411 2813 1488 2905 pati

475 2953 478 2966 ’
563 2947 601 2999 tat
623 2934 746 3024 Lunae
766 2925 828 3001 sed
847 2928 1095 3027 obstupefactus
1120 2930 1199 3001 sistit
1224 2933 1400 3003 Saturnum
1423 2930 1485 3001 tti-

563 3030 789 3137 eorpoteum,
824 3043 1057 3144 'quaslnempe
1081 3050 1222 3121 Saturno
1247 3048 1314 3121 duo
1338 3068 1489 3145 corpora
1567 3056 1568 3111 l

558 3159 673 3254 lucida
695 3165 835 3237 rotanda
856 3166 1186 3258 ceremoniarum,
1211 3164 1295 3239 duos
1320 3186 1401 3260 post
1426 3194 1485 3241 an·

562 3297 625 3353 nos
650 3282 730 3368 haec
758 3302 973 3383 evanuerapts
1000 3285 1139 3358 maculas
1164 3283 1288 3357 detexit
1313 3283 1346 3357 in
1371 3287 1483 3371 Sole,

1567 3532 1568 3575 l

1567 3580 1568 3621 l

1567 3624 1568 3657 l

1567 2572 1568 2639 l

561 3420 698 3493 quarum
722 3400 949 3495 amplitudines
974 3391 1140 3487 dimensus
1164 3420 1229 3483 ert,
1249 3422 1347 3501 atque
1367 3426 1487 3500 earum
1567 3422 1568 3447 ³

505 3565 522 3584 -.
560 3509 789 3591 observatione
813 3512 957 3594 ostendit
969 3520 1082 3595 Solem
1105 3518 1249 3599 converri
1277 3521 1362 3595 circa
1375 3541 1479 3595 suum

560 3644 675 3718 axem.
698 3629 934 3734 coelorumque
948 3638 1111 3713 materiam
1132 3654 1200 3709 esse
1213 3640 1479 3735 corruptibilem,
1567 3658 1568 3711 i

557 3748 720 3849 Dialogus
748 3756 792 3827 de
819 3774 989 3851 systemate
1012 3754 1245 3847 Copernicano
1275 3758 1483 3854 elegantissi·²

531 3888 637 3961 ⁴mos
659 3874 880 3969 conscripsit,
915 3872 949 3941 in
983 3869 1100 3968 quibus
1135 3868 1343 3961 objectiones
1376 3878 1477 3949 solvit·

466 4064 472 4077 ‚
558 3990 697 4074 omdes‘,
708 3988 825 4086 quibus
837 3994 904 4061 hoc
917 3980 1052 4083 systema
1069 3987 1274 4081 premebatur
1280 4042 1296 4092 ³.
1309 3992 1478 4091 quodque

554 4105 667 4209 primis
675 4106 993 4209 lineisdesignaretat
1001 4104 1207 4199 Copetnicus
1215 4104 1319 4185 ferme
1327 4112 1473 4206 perfecit
1484 4146 1493 4185 .·
1560 4112 1568 4171 l
