3542 5309
612 534 616 542 '
1375 572 1382 609 l

569 755 628 837 bet
649 761 731 835 lucis
754 760 916 836 radiolunt
939 758 973 833 in
997 778 1122 858 septem
1146 762 1287 837 radiolos
1306 764 1508 845 facessere,

572 906 717 981 quotum
756 882 874 979 singuli
910 869 1287 965 suuundeterntinatum
1329 883 1508 953 exhibent

568 1004 742 1075 colorem:
765 1004 834 1073 hoe
857 998 978 1073 ordine
989 1002 1150 1089 rubeum
1175 1026 1308 1075 aureum
1322 1056 1332 1086 ,
1347 1000 1505 1084 flavum,

571 1120 740 1205 viridem,
792 1122 997 1203 caeruleum,
1033 1115 1224 1205 indicum,
1278 1122 1504 1204 violaceum,

571 1240 630 1340 qui
653 1240 773 1339 singuli
798 1239 927 1313 diverso
955 1238 1397 1337 donanturrefringibilitatis
1413 1266 1503 1337 gra·
1568 1278 1569 1363 p

571 1361 644 1446 du3
669 1361 783 1432 Rubet
806 1380 904 1455 prout
928 1359 1079 1433 omniunt
1094 1360 1283 1435 fortissimus
1308 1359 1500 1431 minimum
1568 1368 1569 1455 l

561 1478 784 1576 ¹refrangitur3
808 1478 926 1576 reliqui
950 1494 1077 1575 usqtse,
1104 1504 1263 1578 esusque
1288 1478 1417 1573 magis;
1454 1500 1498 1550 ur

570 1600 736 1673 violaceus
759 1598 889 1670 tandem
914 1600 1063 1669 omnium
1100 1599 1272 1670 maximam
1309 1598 1495 1671 refractio-

497 1773 505 1787 t
572 1742 650 1791 nem
674 1719 836 1814 patiatu13
859 1742 957 1814 quare
979 1744 999 1789 a
1024 1716 1117 1789 viridi
1147 1720 1186 1789 ad
1211 1720 1341 1789 rubrum
1365 1721 1493 1811 appel·

571 1839 678 1911 lentur
700 1835 930 1919 ascendentes,
955 1836 996 1907 ad
1022 1837 1201 1910 violaceum
1227 1836 1492 1912 descendentes:
1568 1832 1569 1845 ¹

507 1985 509 1996 ·
571 1955 605 2029 hi
630 1959 759 2031 colores
783 1953 965 2053 primigenii
991 1974 1179 2027 constantes
1205 1957 1343 2027 omnino
1380 1977 1488 2028 sunt:
1568 1958 1569 1965 '

570 2100 670 2173 quate
694 2077 721 2147 si
746 2074 837 2149 radio
860 2076 957 2147 rubro
980 2065 1124 2169 exponas
1148 2072 1266 2148 florem
1289 2102 1339 2145 ex.
1365 2098 1415 2169 gr.
1431 2078 1487 2147 al·
1568 2088 1569 2133 i

571 2194 676 2282 bun,
701 2197 755 2267 vel
781 2195 879 2267 mam
904 2192 1029 2265 alterius
1055 2196 1197 2277 colotis,
1221 2196 1308 2265 rubri
1333 2194 1491 2289 speciem

570 2313 707 2401 referet3
731 2312 877 2385 similiter
899 2313 926 2383 si
951 2312 1056 2383 radius
1076 2313 1220 2411 quilibet
1233 2340 1282 2387 ex.
1308 2336 1354 2410 gr.
1380 2314 1487 2385 rubet
1568 2298 1569 2303 ἵ

460 2508 469 2528 β,
569 2432 658 2505 lente
682 2427 858 2528 crystallina
878 2430 1056 2525 excipiatur
1068 2482 1079 2515 ,
1106 2432 1323 2531 dirigaturque
1334 2430 1374 2502 ad
1391 2432 1486 2503 aliud
1568 2514 1569 2517 Ἴ

570 2574 720 2647 ptysma,
744 2551 849 2623 radius
872 2548 968 2623 rubet
991 2550 1061 2622 sine
1085 2551 1389 2624 ullaimntutatione
1406 2576 1485 2647 per-

474 2704 478 2711 ·
568 2672 686 2757 stabit3
710 2672 802 2770 quod
826 2671 852 2745 si
877 2666 955 2741 radii
980 2694 1096 2751 omnes
1120 2672 1217 2742 simul
1256 2672 1482 2767 colligantur,
1568 2660 1569 2685 ¹

566 2808 603 2860 et
626 2793 924 2873 commisceantur,
948 2790 1064 2862 existet
1085 2790 1227 2862 albedo:
1265 2814 1407 2885 corpora
1432 2814 1486 2862 er·

481 2900 483 2908 '
569 2933 615 3004 go
638 2912 782 2981 colorata
817 2909 991 2990 videntur,
1033 2906 1105 3004 quia
1131 2934 1245 2981 eorum
1284 2928 1391 3005 partes
1417 2912 1481 2983 hos

569 3027 705 3119 potius,
731 3049 832 3122 quam
856 3026 930 3095 illos
955 3023 1124 3103 tellectont
1148 3028 1275 3101 radios:
1302 3029 1335 3099 id
1360 3028 1483 3119 conje·
1559 3032 1562 3038 ’

565 3164 655 3213 cerat
691 3145 893 3214 Nevvtonus
929 3140 968 3213 ex
993 3144 1253 3218 consideratione
1289 3147 1478 3231 bullarum,

565 3286 648 3356 quae
674 3258 871 3333 insufflantur
896 3286 936 3331 ex
960 3286 1041 3359 aqua
1078 3282 1201 3355 sapone
1235 3284 1390 3337 saturata:
1427 3266 1481 3337 vi·

566 3378 662 3449 debat
687 3380 776 3451 enirn
800 3378 938 3452 circulos
964 3382 1051 3453 hisce
1088 3383 1253 3455 coloribus
1288 3384 1479 3459 successive
1568 3434 1569 3439 κ

562 3482 710 3569 iinbutos
734 3527 751 3570 a
777 3517 903 3593 puncto
927 3499 1031 3571 bullae
1055 3510 1184 3573 summo
1208 3502 1248 3571 ad
1274 3500 1379 3575 imum
1417 3502 1480 3575 de·

474 3674 477 3678 .
567 3618 746 3698 scendete.,
791 3616 976 3689 etinterea
1015 3618 1288 3693 animadvertebat
1324 3622 1406 3701 nihil
1438 3621 1475 3697 in
1510 3710 1513 3721 Ι

564 3733 651 3804 bulla
687 3732 847 3805 immutari
886 3756 1010 3829 praeter
1046 3736 1215 3829 pelliculae
1268 3740 1478 3815 crassitients.

448 3831 462 3856 ⁴
564 3850 654 3922 Hinc
678 3854 817 3925 modum
840 3854 1061 3950 excogitavit,
1085 3880 1153 3951 quo
1177 3854 1353 3930 crassitiem
1400 3884 1479 3955 par·

483 4013 486 4026 1
565 3970 648 4039 tium
673 3973 765 4043 datos
789 3972 916 4042 colores
940 3967 1318 4068 reflectentiuntposset'
1335 3976 1479 4049 dimeti-

532 4139 536 4149 ·
563 4090 611 4159 ri:
642 4089 829 4185 interposita
851 4114 953 4182 aquae
979 4091 1101 4183 guttula
1123 4090 1274 4163 laminam
1306 4096 1477 4190 'crystalli-

540 4233 638 4280 natn
662 4207 914 4306 superimposuit
947 4206 1026 4283 lenti
1048 4206 1206 4283 similiter
1237 4214 1471 4307 crystallinae,
