3542 5309
609 643 805 756 exstem
1562 711 1564 786 q

561 799 636 862 tae,
662 807 692 848 et
719 773 952 872 phaenomeeir
981 775 1047 848 suis
1069 783 1202 868 prorsus
1226 786 1512 852 consentaneae,

561 895 836 995 quemadmodum
852 896 1022 967 Nevvtoni
1047 895 1090 964 de
1102 893 1322 992 gravitatione
1347 887 1507 961 univer

560 1019 617 1092 sali
630 1067 645 1106 ,
681 1031 714 1084 et
739 1011 778 1082 de
803 1014 987 1097 cointibus,
1019 1011 1227 1093 Torriceiiii,
1262 1026 1296 1080 et
1323 1007 1511 1083 paschalis

535 1120 606 1205 stin
629 1155 725 1211 aete,
763 1131 815 1203 itta
840 1128 1000 1209 F'taokiini
1026 1133 1068 1202 de
1092 1129 1326 1211 electricitnte,
1362 1127 1422 1198 itta
1454 1150 1512 1196 re·

562 1249 745 1322 centiotum
770 1251 812 1321 de
838 1277 942 1350 aqua,
969 1269 1003 1322 et
1027 1247 1138 1322 fluidis
1162 1247 1426 1333 aetiformtbus3
1461 1244 1511 1313 ad

559 1371 747 1457 universum
781 1385 891 1441 «tamen
916 1370 1007 1466 quod
1041 1387 1163 1462 spectat
1187 1368 1297 1437 adbuc
1333 1367 1427 1436 nulla
1466 1387 1509 1435 se

563 1487 657 1560 offert
683 1488 789 1569 ratio,
827 1505 890 1584 qua
914 1513 972 1560 eae
993 1488 1140 1570 theoriae
1164 1486 1253 1581 ipsae
1278 1485 1340 1558 sibi
1368 1500 1508 1553 mutuo

564 1606 720 1686 inseruire
745 1606 867 1697 possim
881 1657 896 1697 ,
922 1627 958 1676 ut
980 1607 1060 1676 aliae
1084 1605 1153 1676 aiiis
1178 1629 1350 1676 connexae
1374 1627 1411 1675 se
1444 1601 1507 1671 in·

562 1725 668 1794 vicem
694 1723 898 1794 suffulciant:
934 1725 1003 1797 ituo
1028 1749 1125 1816 saepo
1150 1744 1362 1805 occurrunt,
1399 1737 1503 1818 quae

563 1840 771 1913 theorematis
795 1819 1021 1948 demonstraus
1038 1839 1194 1912 videntur
1218 1841 1427 1937 pugnantia,
1460 1856 1505 1908 ut

559 1959 688 2054 Physici
725 1960 797 2030 data
822 1985 919 2054 opera
944 1939 1105 2057 cogtnt'ur
1128 1959 1251 2033 centies
1284 1961 1402 2031 eadem
1431 1983 1498 2027 ex·

562 2077 743 2172 perimente
779 2097 952 2210 repetere,
976 2059 1280 2165 obseivationes
1271 2100 1416 2160 iterare,
1458 2093 1500 2146 et

560 2195 692 2284 calculis
727 2194 993 2290 exquisitissimis
1006 2190 1155 2269 abhibitis
1180 2197 1287 2279 eniti,
1321 2223 1364 2268 ne
1390 2197 1499 2266 theo·

506 2395 512 2398 ,
560 2309 627 2382 tiae
643 2309 755 2383 ueritas
769 2309 985 2384 labefactetur
1012 2315 1225 2430 Qpismquam
1237 2319 1302 2387 hae
1316 2314 1494 2405 theonae,

561 2447 591 2500 et
606 2428 745 2526 reliquae
760 2454 878 2500 omnes
891 2432 1038 2526 physicae
1060 2435 1210 2508 veritates
1208 2436 1390 2530 cognitae
1407 2429 1495 2502 nihii

557 2565 633 2619 sunt
657 2567 780 2642 praeter
804 2552 1052 2642 phaenomena,
1078 2553 1293 2649 ipsorumque
1307 2551 1429 2634 modi,
1457 2568 1495 2622 et
1563 2549 1564 2658 i

558 2668 673 2760 leges,
698 2667 816 2764 quibus
841 2670 1013 2752 eveniunt,
1038 2668 1121 2767 quin
1148 2670 1189 2743 de
1204 2696 1319 2756 caussa
1345 2698 1391 2745 ne
1420 2693 1494 2740 sus-

559 2785 650 2878 picio
674 2783 806 2878 quidem
831 2785 939 2858 haberi
956 2771 1079 2879 possim
1105 2814 1206 2884 quare
1231 2809 1362 2860 tantum
1381 2789 1489 2873 abest,

536 2917 596 2968 mut
620 2901 752 2992 Physica
777 2903 928 2973 scientiae
942 2885 1075 2976 nomine
1094 2907 1284 3002 superbiat;
1310 2907 1488 3006 quinimo

558 3017 740 3085 scordotis
768 3016 951 3126 quibusque
974 3021 1156 3118 disquisitio
1181 3028 1323 3109 solum,
1364 3045 1401 3097 et
1428 3049 1487 3095 ve-

559 3128 663 3221 stigat
658 3129 838 3202 odieenob
860 3153 907 3204 est
923 3124 1237 3227 phaenomcnotum,
1263 3145 1391 3246 quibus
1406 3147 1490 3218 haec

561 3267 666 3316 tetum
693 3244 877 3321 universitas
901 3255 1096 3330 continetur.

618 3362 726 3430 Nos
720 3382 825 3460 itaque
849 3369 880 3435 in
897 3371 985 3441 hisce
997 3376 1148 3467 physicae
1166 3377 1380 3452 lineamentis
1394 3377 1489 3451 exhi-

559 3474 680 3548 bondis
697 3477 733 3547 id
757 3486 947 3565 curavimus
969 3509 1008 3557 ut
1032 3493 1170 3564 maxima
1194 3524 1258 3592 qua
1276 3495 1347 3570 fieri
1369 3498 1488 3593 potuit
1562 3527 1564 3602 q

558 3579 738 3676 brevitate,
774 3616 807 3667 et
830 3604 1077 3698 perspicuitate,
1114 3639 1198 3708 quae
1221 3617 1489 3725 praedatione

557 3705 671 3778 Galilei
709 3717 909 3810 temporibus
950 3723 990 3792 ad
1027 3752 1089 3797 nos
1120 3755 1249 3827 usque·
1258 3731 1491 3809 demonstrata

556 3839 654 3928 eunt,
678 3848 755 3937 epto
784 3836 900 3909 ordine
920 3840 1107 3932 'fytonibus
1131 3872 1424 3944 proponerentur.

1563 4091 1564 4166 i

1563 4179 1564 4218 i

1563 4219 1564 4270 i

1563 4277 1564 4316 i
