3542 5309
1094 713 1108 759 r

269 790 443 862 moleculae
472 783 615 882 'liquidis
639 787 679 858 ab
703 787 800 858 initio
822 783 1009 858 innatantes
1030 807 1093 880 pro
1114 713 1188 858 iffi·
1258 773 1264 783 ’

271 889 397 971 nitate,
419 910 487 981 qua
509 883 817 956 determinababtur
827 883 870 954 ad
891 880 988 952 hasce
1000 933 1013 968 ,
1035 883 1093 952 vel
1115 882 1187 952 illas

272 983 469 1065 substantias,
489 999 609 1050 mutuo
621 980 850 1062 accedebant,
869 977 1102 1052 vinciebantur
1113 1002 1187 1047 mu·

272 1083 359 1162 ru0,'
386 1098 425 1148 ut
460 1076 688 1148 coalescerent
718 1078 752 1149 in
789 1083 929 1170 corpora
961 1072 1122 1172 regularis
1150 1090 1189 1142 ut

272 1176 447 1267 plurimum
470 1172 608 1256 forma,
633 1172 716 1244 idest
739 1167 800 1246 nisr
824 1171 1045 1244 turbarentur.

316 1297 371 1359 39.
396 1277 472 1341 lmo
495 1273 537 1340 'ea
560 1270 616 1354 vi,
642 1275 708 1366 qua
730 1268 888 1366 angustia
912 1267 1329 1350 canaliculorunr,affimm
1346 1292 1376 1342 rn

271 1369 321 1440 vel
343 1387 520 1438 meatuum
555 1366 711 1442 videntur
743 1365 873 1461 liquida
910 1362 1003 1460 quafi
1026 1363 1188 1459 exsugere
1212 1353 1359 1410 ’ΝΜ

232 1555 235 1562 ἱ
274 1461 452 1558 composrta
477 1488 554 1536 curn
579 1463 611 1532 vi
636 1462 800 1534 affinitatis
824 1460 938 1542 omnia
959 1459 1066 1534 ferme
1081 1459 1192 1552 expli·
1205 1427 1366 1564 ξῆῗξᾏζῗ

275 1579 385 1630 cantur
408 1561 443 1631 in
467 1560 732 1656 vegetabilibus,
766 1567 801 1630 &
826 1558 1044 1631 animantium
1067 1579 1190 1651 corpo-
1238 1579 1359 1626 nuncu,
1426 1569 1430 1576 ·

275 1656 356 1727 ribus
380 1659 628 1751 phoenomena:
653 1655 842 1727 nonsolum
868 1654 962 1727 enirn
985 1654 1103 1727 succus
1126 1678 1191 1727 nu·

276 1754 374 1824 tritius
400 1754 574 1824 attrahitur
598 1759 659 1846 pe'r
682 1752 843 1825 ambitum
871 1751 1014 1845 planta,
1051 1757 1087 1821 &
1118 1753 1191 1822 arri-

277 1851 386 1933 malis,
420 1855 538 1921 verum
574 1850 673 1920 etiam
710 1845 932 1920 diversimode
955 1865 1190 1940 attemperatur

276 1947 312 2014 ad
333 1945 493 2017 diversam
517 1944 718 2022 diversarum
740 1945 881 2038 partium
903 1943 1190 2028 constitutionem

280 2048 389 2135 &pro
414 2042 542 2123 diversa
565 2038 723 2114 affinitate
747 2040 1021 2137 liquidorumad
1037 2038 1190 2134 liquida,
1228 2103 1234 2108 .

280 2141 369 2210 &ad
394 2137 499 2210 solida
523 2162 565 2210 ex
589 2140 745 2210 omnibus
768 2139 911 2233 partium
930 2134 1093 2210 meatibus
1116 2156 1189 2208 non

269 2229 453 2319 exsudant,
490 2234 544 2306 vel
569 2235 720 2306 extillant
746 2235 865 2308 eadem
889 2233 1043 2328 liquida,
1072 2255 1189 2329 neque

278 2353 328 2420 per
360 2330 564 2413 canaliculos
601 2333 770 2425 capillatos
807 2349 991 2403 excurrunt
1028 2331 1188 2401 humores

280 2425 417 2515 ejusdem
442 2430 598 2524 generis3
623 2428 681 2500 sed
706 2429 762 2500 illa
782 2425 941 2500 affinitate
964 2427 1009 2498 ita
1030 2446 1138 2518 partes
1151 2427 1189 2498 in

279 2523 463 2602 humoribus
489 2525 707 2598 secernuntur
729 2550 748 2596 a
771 2526 935 2618 parribus,
959 2544 998 2593 ur
1021 2520 1100 2595 alibi
1113 2543 1188 2616 paro

279 2619 376 2696 ricula
401 2641 518 2710 terrea
543 2624 754 2716 deponantur
766 2671 779 2704 ,
806 2619 885 2696 alibi
911 2618 1034 2690 oleesae
1056 2613 1189 2700 sistant,

279 2715 345 2784 alibi
367 2743 499 2814 aquea:
523 2713 624 2814 ardre
649 2720 694 2787 ita
718 2707 936 2810 de'reliquis.
1037 2757 1041 2763 ›

319 2839 374 2900 40,
410 2811 597 2907 Quaesrtum
627 2816 697 2904 est,
731 2831 842 2882 utrum
866 2810 1041 2891 moleculae
1071 2808 1380 2884 eademntmmfigma

280 2905 438 2980 donentur
462 2907 591 3008 figura,
628 2934 731 3006 quarn
755 2907 911 2982 affedlanr
933 2903 1060 3000 soffilia¹
1084 2931 1124 2984 ex
1149 2903 1309 3008 illidii?
1332 2887 1381 3004 ᾖξ’

280 3025 507 3099 coagmentata:
532 3010 644 3101 plures
666 3007 825 3086 videntur
844 3001 1185 3076 homoeor'neriamve-
1210 3025 1347 3096 componit

223 3161 225 3186 ζ
282 3116 374 3194 terum
410 3131 431 3176 e
468 3105 615 3176 tenebris
638 3126 819 3186 rovocare,
854 3103 1010 3173 eamdem
1046 3098 1187 3195 figuram
1280 3143 1283 3147 -

223 3261 224 3276 ,
280 3197 442 3272 moleculis
465 3200 663 3285 tribuendo;
686 3219 724 3270 ut
748 3222 872 3292 nempe
894 3201 999 3270 cubus
1023 3198 1096 3269 salis
1115 3223 1184 3270 ma·

281 3291 332 3362 rini
355 3303 395 3369 er
421 3296 554 3368 cubulis
580 3293 753 3368 efficiatur.

223 3399 225 3482 ᾗ
363 3393 430 3466 Sed
470 3396 524 3461 1.⁰
550 3394 777 3464 animadverto
807 3390 933 3462 cubum
955 3387 1187 3477 huiusmodia
1255 3403 1264 3417 “

278 3483 324 3554 sex
344 3487 565 3584 pyramidibus
589 3489 768 3585 aequalibus
791 3485 1019 3585 quadrilateris
1038 3483 1188 3570 conflari,

223 3563 225 3624 l
279 3601 403 3672 quarum
447 3585 559 3678 apices
607 3605 751 3656 coeunt
779 3585 820 3654 in
864 3585 994 3676 punslo
1034 3583 1182 3668 medior

223 3695 224 3698 ’
273 3682 309 3752 .&
328 3681 509 3775 pyramides
534 3677 677 3776 singulas
703 3675 768 3752 esst
793 3705 909 3760 cavas,
946 3688 981 3751 &
1009 3678 1183 3775 oppleri'a
1230 3755 1234 3764 ‚

223 3777 224 3812 f
280 3776 411 3847 totidem
433 3778 659 3874 pyramidibus
683 3775 832 3859 similiter
855 3775 964 3858 cavis,
1000 3776 1110 3848 donec
1135 3774 1187 3849 sor
1278 3843 1282 3850 .

223 3863 225 3930 l
280 3867 343 3942 lida
378 3871 469 3956 fiaar.
506 3875 722 3969 Pyramidulae
745 3871 935 3966 huiusmodi
964 3871 1188 3966 microscopio

223 3935 225 4014 l
281 3961 417 4061 inspicias
431 3969 480 4040 in
505 3996 597 4066 aqua
622 3991 716 4069 gutta
739 3970 806 4041 hoc
830 3971 894 4040 sale
917 3968 1064 4039 saturata.
1240 4047 1246 4055 ,

223 4129 224 4152 y
366 4069 420 4135 2.⁰
437 4066 576 4138 Cubum
599 4068 711 4164 pyritis
736 4067 781 4138 ira
801 4085 1073 4162 coagmentatum
1096 4067 1183 4138 aser
1264 4126 1274 4137 .

223 4153 225 4176 ¹
282 4153 417 4234 slmiliter
437 4163 659 4259 pyramidibus
680 4163 908 4259 quadrilateris
922 4162 1122 4258 equalibus,
1146 4174 1185 4231 ut

223 4191 225 4342 l
284 4251 404 4330 lamina
425 4259 582 4351 parallela
617 4261 652 4334 in
674 4259 761 4336 facie
784 4258 936 4336 una-sint
955 4259 1115 4331 normalia
1126 4259 1186 4341 sta·-

365 4353 469 4451 lnssit.
494 4353 620 4459 Ptyfic.
909 4384 930 4442 a
