3542 5309
434 761 444 780 .
1100 739 1140 785 zr

270 835 345 880 rum
385 807 565 880 moleculae
601 809 643 880 ad
678 803 964 906 crystallizandum
1000 811 1194 895 accedunt,
1256 846 1260 853 ·

271 905 502 1002 crystallorum
535 903 649 1004 figura
672 935 692 980 a
715 906 770 978 sua
794 907 956 978 constanti
983 907 1198 1003 regularitate

272 1005 434 1074 videntur
457 1003 641 1075 recedere:
679 1005 757 1076 cubi
781 1003 906 1074 abeunt
941 1004 976 1073 in
1003 1007 1217 1100 octogona,-

272 1097 306 1168 in
330 1100 603 1196 duodecagona:
627 1120 727 1195 prout
752 1101 844 1172 enim
867 1100 982 1196 anguli
1005 1097 1192 1183 deficiunt,

272 1197 328 1265 vel
350 1197 455 1268 latera
478 1219 549 1268 non
574 1197 815 1279 terminantur,
847 1220 1008 1268 numerus
1031 1196 1195 1267 facierum

274 1291 535 1386 multiplicatur:
559 1293 649 1365 idem
673 1293 778 1365 dicito
802 1294 845 1364 de
858 1292 930 1364 aliis
951 1292 1086 1364 formica
1111 1291 1195 1388 quin

275 1388 345 1458 imo
370 1389 451 1460 cubi
475 1389 569 1462 cubis
590 1390 826 1474 adhaerebunt,
848 1389 1034 1486 pyramides
1053 1388 1195 1484 pyrami·

276 1483 393 1555 dibus:
431 1486 481 1556 uti
505 1486 541 1554 in
566 1487 718 1583 crystallo
742 1504 900 1558 montana
931 1486 1065 1556 nullum
1089 1507 1196 1580 quan-

277 1579 391 1676 doque
416 1585 479 1652 erit
501 1583 627 1677 ptysma
650 1581 913 1666 intermedium,
944 1580 1004 1653 sed
1033 1579 1127 1652 basis·
1144 1581 1197 1651 su·

278 1677 413 1768 periuris
433 1680 608 1773 pyramidis
619 1677 685 1751 ban
698 1677 862 1765 inferioris
876 1703 942 1750 con
968 1695 1065 1763 ruet,
1090 1701 1197 1773 quan-

280 1771 390 1870 doque
413 1775 553 1870 etystalli
576 1778 688 1870 plures
707 1775 879 1847 communi
903 1775 925 1844 b
957 1801 969 1844 1
993 1771 1199 1845 infixaeasua

281 1874 388 1942 nativa
419 1869 526 1942 forma
549 1873 754 1966 videbuntur
787 1873 962 1955 aberrare,
992 1889 1037 1985 pt
1061 1868 1195 1941 deficiat

281 1967 414 2060 pyramis
438 1965 604 2060 superior,
627 1969 684 2040 vel
693 1970 760 2041 axis
785 1968 995 2065 pyramidum
1018 1968 1196 2036 noncoin-

284 2061 366 2135 cidat
388 2089 465 2134 cum
490 2089 551 2135 axe
575 2063 753 2160 prysmatis.
789 2071 839 2138 Ita
873 2087 953 2148 cum
976 2061 1107 2158 ningit,
1139 2061 1199 2134 vel
1279 2067 1282 2075 ⁴

283 2154 430 2233 flantibus
453 2161 584 2244 vertis,
610 2161 666 2234 rel
684 2161 824 2261 maxima
835 2161 1015 2257 ingruente
1038 2159 1123 2228 nivis
1135 2181 1195 2230 co-

284 2253 350 2346 pia,
372 2281 577 2354 numquam,
611 2276 667 2329 aut
692 2273 825 2352 perraro
849 2256 1018 2328 obtinebis
1043 2255 1193 2351 integros

284 2351 359 2426 uiris
382 2349 511 2425 floccos
535 2351 756 2449 suapradltos
781 2352 908 2452 figura3
930 2352 990 2424 sed
1013 2352 1069 2423 vel
1092 2349 1196 2422 distu⁴

286 2467 371 2540 ptos,
404 2429 458 2522 vel
482 2452 594 2544 plures
617 2449 713 2524 stmul
729 2517 731 2522 .
747 2453 782 2522 iu
807 2477 914 2523 unum
944 2446 1194 2520 coalescentert

286 2543 337 2617 sed
358 2545 439 2616 &in
453 2546 546 2630 nive,
571 2548 654 2618 &in
668 2549 787 2622 ceteris
811 2545 974 2618 foffilibur
1000 2542 1193 2636 pervidebis

287 2638 403 2748 semper
414 2643 604 2717 nativarunr
623 2643 806 2716 formarum
827 2640 1033 2739 regularium
1046 2637 1192 2734 vestigia.

591 2843 880 2878 a*-

290 2963 744 3084 INSTITUTIO
794 2957 1196 3079 SECUNDA}

428 3208 434 3217 ,
554 3137 921 3230 oraora

402 3313 610 3411 Complec'lenr
632 3337 699 3412 qua
723 3323 724 3326 ’
744 3319 882 3388 errinent
906 3311 951 3385 ad
969 3315 1052 3383 rim
1062 3355 1076 3392 ‚
1186 3367 1190 3370 .

291 3435 446 3508 rarumque
469 3435 598 3484 mutuas
619 3341 844 3512 oppoyrdiones,
867 3410 920 3480 vel
939 3404 1198 3506 compofitt'ones,

390 3511 420 3582 d
444 3509 490 3580 ad
514 3530 618 3580 morus
630 3551 643 3592 ,
666 3511 720 3604 qui
744 3510 786 3579 ab
811 3509 875 3580 illis
896 3507 1086 3601 gignuntur.
1118 3596 1122 3602 1

472 3693 1058 3791 Ακτιςυιυει,

509 3871 561 3926 DF.
596 3869 703 3960 Moru
735 3859 966 3928 UNIVERSIM.

334 4073 361 4118 r.
375 4004 516 4121 Locus
540 4046 687 4142 corporis
713 4045 953 4118 determinatur
975 4066 995 4112 a
1016 4035 1195 4148 positione,
1267 4091 1337 4156 oua

292 4143 492 4316 qum-puillud
515 4141 620 4218 servat
643 4145 757 4218 telate¹
770 4143 813 4221 ad
837 4163 1000 4236 corpora,
1035 4163 1109 4236 quae
1133 4156 1197 4213 crr-
1229 4158 1259 4216 αι
1281 4164 1356 4219 tous

296 4263 332 4312 cu
429 4261 453 4316 t·
759 4286 761 4292 η
