3542 5309
281 753 555 844 ostenditgtex·
572 757 643 851 qno
669 758 769 827 ‘tecte-
792 753 890 827 infert
922 752 1068 827 Planetas
1097 758 1211 829 eadem

281 876 448 973 gravitate
471 875 506 946 in
529 876 645 949 Solem
660 872 763 957 ferri,
785 898 851 972 qua
874 876 966 947 Luna
986 874 1212 959 inTellutnm,

283 1016 319 1067 et
344 996 550 1089 conplexus
572 993 733 1074 Telluris,
759 1011 794 1066 et
816 995 930 1089 Lunae
954 993 987 1065 in
1011 995 1149 1081 solens
1170 975 1214 1069 dr

282 1136 425 1189 motum
460 1138 481 1183 a
504 1111 662 1211 gravitate
686 1112 883 1205 pendentem
912 1136 988 1185 cum
1014 1130 1106 1186 motu
1135 1140 1216 1208 pro·

283 1232 451 1327 iectionis
474 1232 539 1321 jam
565 1230 763 1310 anteatinus
786 1232 866 1326 ipsis
888 1232 1082 1325 corporibus
1105 1231 1213 1307 indito

285 1355 333 1425 ita
346 1352 540 1446 componit,
562 1368 768 1445 ntperpetuo
787 1350 885 1423 simul
898 1370 996 1447 agant
1012 1349 1045 1421 in
1059 1351 1216 1439 Planctus,

288 1496 438 1572 quorum
463 1470 500 1541 in
513 1490 620 1544 motu·
630 1470 787 1543 velocitas
798 1468 924 1545 diversa
938 1469 1069 1542 diverso
1086 1496 1216 1567 semper

288 1591 498 1687 respondeat
533 1588 684 1686 angulo,
711 1590 761 1662 ,ad
780 1612 894 1687 ‘quem
927 1590 964 1661 ni
999 1612 1111 1665 motus
1131 1612 1217 1665 non·

290 1714 441 1806 spirant:
467 1706 556 1780 unde
577 1707 724 1806 sequitur
745 1708 918 1805 qnamdam
943 1732 1014 1781 esse
1037 1708 1070 1781 in
1086 1712 1219 1783 veloci-

294 1832 378 1903 tatis·
389 1828 543 1901 varietate
562 1828 799 1927 constantiam,
822 1850 943 1923 nempe
967 1848 1003 1899 ut
1014 1829 1131 1923 singuli
1147 1832 1219 1903 Pla-

296 1953 395 2023 net'ae
417 1950 485 2021 sint
500 1946 682 2019 velociores
706 1966 805 2041 prout
827 1946 869 2017 ad
881 1966 1029 2020 centrum
1046 1948 1219 2036 accedunt,

298 2069 459 2140 tardiores
486 2088 565 2136 vero
590 2080 690 2162 prout
712 2066 841 2163 abipso
866 2065 1044 2151 recedunt,
1071 2066 1150 2151 dunt
1165 2094 1222 2143 or-

298 2188 383 2261 bitas
407 2185 564 2280 elypricas
588 2206 779 2279 percurrunt
803 2208 901 2267 ruat,
932 2206 1033 2284 ¹atque
1058 2186 1165 2271 niret,
1201 2216 1221 2263 a

295 2308 424 2403 ‘quibus
449 2304 483 2375 hi
508 2322 618 2377 motus
632 2304 853 2399 conspirantes
886 2305 1111 2401 producuntur
1133 2298 1223 2401 juxta

302 2429 442 2502 diversas
466 2425 662 2518 hypotheses
683 2426 898 2518 expendens,
930 2442 968 2495 et
991 2428 1119 2499 calculo
1142 2426 1224 2501 defi-

298 2545 398 2621 nitas
422 2543 632 2641 progreditur
653 2544 694 2619 ad
713 2543 905 2615 invenienda
918 2546 1081 2637 gravitatis
1109 2568 1226 2619 centra

302 2666 389 2740 inter
412 2687 553 2759 corpora
567 2662 734 2742 eoelestia,
762 2660 805 2732 ad
819 2660 1024 2756 singulorum
1048 2662 1224 2751 distantias,

298 2804 339 2857 et
363 2782 543 2858 densitates
574 2778 855 2864 determinandas,
895 2800 928 2850 et
958 2780 1078 2851 exinde
1110 2806 1225 2857 rorum

301 2903 430 2983 orbitas
453 2925 525 2975 non
547 2900 789 2994 contemplatur
810 2901 942 2983 solum,
965 2899 1022 2973 sed
1037 2903 1239 3002 reverarde-¹

285 3017 447 3103 ‘scribit,
470 3040 503 3095 et
527 3018 625 3116 ipsas,
646 3002 954 3116 quaecontingunr,
979 3017 1225 3115 irregularitatns

308 3144 351 3216 ad
375 3141 538 3213 calculum
562 3158 720 3219 revocat,
749 3164 819 3235 quo
841 3138 1024 3211 innotescat
1047 3138 1087 3211 ab
1110 3142 1226 3215 eadem

309 3261 343 3333 vi
370 3259 555 3339 derivare,
586 3257 657 3331 sire
677 3257 747 3327 illas
772 3258 1014 3354 irregularitates
1037 3284 1227 3355 apparentes

310 3379 350 3455 ad
375 3378 527 3473 ejusdem
550 3373 784 3447 ris-actionem
810 3401 881 3451 esre
903 3376 1104 3451 referendas.

305 3536 309 3545 ·
368 3500 419 3569 Er
444 3518 565 3579 motu,
586 3520 658 3592 quo
684 3495 794 3567 Tellus
819 3495 931 3593 viginti
969 3520 1107 3599 quatuor
1133 3500 1228 3570 hora-

311 3642 386 3694 rum
412 3619 522 3710 spatio
545 3613 724 3688 revolvitur
747 3613 832 3686 circa
855 3623 949 3689 are'rn
985 3640 1108 3702 suum,
1143 3614 1228 3691 deri-

315 3737 408 3811 vavit
432 3733 657 3817 ratiocinando
679 3730 816 3829 figuram
846 3734 987 3828 Telluris
1017 3758 1091 3807 esse
1121 3738 1230 3809 eleva.

313 3876 382 3933 tam
407 3852 442 3925 in
465 3876 556 3948 parte
580 3878 636 3928 sua
660 3851 794 3937 predia,
819 3849 904 3935 idest
928 3852 969 3923 nd
994 3874 1227 3949 aequatorem3

309 3976 509 4071 depressam„
527 3994 608 4045 vero
644 3970 686 4043 in·
716 3970 823 4063 polis3
861 3952 1104 4067 consequenter
1127 3976 1229 4050 actio.

308 4120 406 4173 ‚nem-
420 4088 584 4189 gravitatis
607 4089 777 4167 minorem.
793 4115 862 4165 esse
886 4090 947 4164 sub
984 4112 1157 4189 aequatore
1181 4096 1227 4169 ob

312 4212 537 4313 maiorem
568 4229 685 4285 centro
721 4208 931 4296 distantiam,
956 4210 1113 4308 majorem
1145 4234 1226 4291 vero
1279 4202 1285 4215 ’
