3542 5309
1536 485 1545 514 r

675 701 711 771 si
733 724 816 795 ergo
839 710 880 769 ex
904 692 1166 771 consideratione
1189 695 1450 769 individuorum
1479 676 1537 771 ali-

602 816 698 912 cuius
722 817 874 915 generis,
898 816 950 887 vel
975 815 1093 912 speciei
1118 816 1253 913 aliquod
1277 818 1472 889 inferamus
1498 843 1535 887 en

600 939 750 1033 ipsorum
773 954 885 1009 natura
909 956 1090 1019 constnns,
1122 934 1201 1005 illud
1234 934 1276 1008 de
1305 954 1375 1005 rota
1412 938 1536 1028 specie

603 1055 729 1152 poterit
752 1048 925 1126 affirmari:
950 1052 992 1125 ira
1016 1080 1057 1126 er
1079 1054 1274 1127 evolutione
1296 1054 1470 1149 germinis
1498 1055 1538 1125 iu

601 1198 675 1247 ovo
698 1196 767 1245 uno
800 1172 889 1244 idem
922 1196 1052 1267 prorsus
1078 1172 1196 1245 inferre
1220 1198 1396 1268 moninus
1426 1175 1536 1243 relate

505 1334 510 1348 ·
601 1292 644 1367 ad
668 1292 799 1378 omnim
836 1292 884 1364 sic
919 1290 1014 1363 mam
1047 1292 1255 1365 observamus
1287 1290 1533 1363 evolutionem

509 1396 517 1413 '
601 1410 757 1508 gaurus
790 1410 825 1485 tn
849 1407 946 1481 feruet
972 1435 1095 1507 gneo,
1121 1411 1154 1483 ru
1178 1410 1276 1491 nna,
1312 1410 1338 1479 ss
1363 1409 1530 1504 mugra

599 1530 711 1605 inferri
748 1556 821 1603 noer
843 1548 953 1623 posset
977 1530 1078 1603 illatio
1101 1530 1143 1599 ed
1166 1530 1290 1625 reliqua
1311 1530 1441 1599 Ιιοωω
1471 1554 1531 1623 ge·

599 1674 718 1725 netum
741 1648 877 1730 semim,
902 1648 1143 1721 observationes
1167 1672 1229 1740 pro
1244 1646 1378 1742 singolis
1404 1648 1528 1719 forent

600 1766 838 1848 instituendae,
858 1767 951 1863 quod
977 1750 1090 1839 inliniri
1116 1784 1199 1839 essct
1222 1766 1353 1848 laboris,
1377 1788 1417 1839 et
1447 1789 1527 1837 mo·

599 1888 723 1961 lostiae.
749 1887 783 1957 Si
809 1885 964 1957 omnibus
987 1886 1153 1979 perpensis
1175 1886 1248 1957 satis
1271 1905 1401 1957 constet
1433 1887 1525 1955 duo·
1550 1961 1554 1967 ¹

599 2030 699 2088 turn.
723 2007 773 2077 vel
797 2005 938 2100 plurium
954 2003 1126 2077 effectuum
1151 2028 1261 2081 causas
1283 2004 1522 2094 csseejusdem

598 2144 760 2207 natutae,
789 2148 986 2221 quamquam
1024 2122 1058 2193 hi
1089 2124 1190 2193 ferme
1214 2119 1338 2195 infinite
1363 2122 1521 2193 differant

596 2241 635 2313 in
660 2241 905 2337 magnitudino,
931 2260 1004 2312 tuto
1029 2266 1087 2335 per
1102 2242 1285 2337 analogiam
1310 2242 1381 2313 sine
1394 2240 1519 2313 erroris

596 2358 748 2455 periculo
785 2382 899 2431 causae
932 2359 1081 2433 identitas
1105 2361 1228 2455 poterit
1262 2354 1434 2443 affirmari,
1476 2361 1519 2428 ira

596 2496 758 2576 quantum
782 2477 953 2550 discrimen
989 2478 1072 2551 inter
1095 2480 1278 2553 electricam
1308 2480 1516 2559 scintillam,

597 2617 633 2670 ct
657 2593 799 2671 fulminis
836 2596 1088 2692 explosionenrt
1125 2604 1250 2671 Interea
1284 2596 1513 2695 experimentis

526 2768 538 2781 -
584 2715 758 2811 ‘esincirur
794 2715 883 2789 idem
908 2741 979 2789 esse
1003 2714 1165 2801 fluidum,
1200 2742 1268 2814 quo
1292 2715 1327 2787 in
1350 2714 1514 2789 electricis

594 2834 825 2931 experimentis
848 2834 1064 2919 oblectamur,
1087 2840 1121 2909 'et
1146 2836 1248 2918 illud,
1271 2859 1291 2906 a
1314 2859 1387 2934 quo
1412 2839 1511 2932 phac·

592 2955 845 3027 nomeoa'sdeo
870 2951 1009 3027 terrifica
1033 2954 1278 3049 producuntur,
1302 2953 1391 3027 idem
1418 2978 1512 3049 pror-

594 3093 648 3143 sus
681 3072 814 3145 effectus
838 3090 1025 3166 comparate
1053 3075 1095 3145 ad
1119 3074 1285 3146 modicam
1316 3073 1510 3145 densitatem
1563 3156 1564 3171 χ

591 3183 697 3280 ignis,
722 3214 805 3285 ques
828 3210 896 3262 arte
922 3190 1063 3263 obtineri
1096 3212 1235 3286 potest,
1267 3218 1344 3263 cum
1371 3190 1507 3265 immani

591 3305 646 3376 ilia
670 3308 856 3393 densitate,
895 3310 936 3379 ad
975 3335 1072 3407 quam
1098 3311 1222 3383 Natura
1250 3310 1424 3383 adducitur
1461 3309 1508 3383 vel
1563 3316 1564 3387 l

593 3424 631 3499 in
653 3425 817 3512 nubibus,
843 3427 896 3501 vel
921 3426 954 3499 in
980 3430 1122 3535 Tellure.
1324 3478 1330 3491 -

669 3548 797 3617 Verum
822 3563 933 3617 natura
963 3546 996 3617 in
1021 3574 1077 3619 sua
1102 3546 1309 3642 simplicitate
1344 3540 1446 3633 relate
1469 3544 1507 3616 ad
1563 3508 1564 3589 l

593 3658 708 3745 vires,
733 3683 768 3733 ct
791 3662 958 3738 facultates
982 3686 1105 3739 nostras
1130 3665 1225 3737 nimis
1241 3666 1450 3763 complicato,
1475 3683 1506 3735 et

589 3776 700 3859 varia,
724 3778 862 3874 impedit
886 3784 1061 3879 quominus
1074 3786 1263 3857 observator
1286 3788 1327 3857 ad
1339 3810 1413 3859 eam
1438 3783 1506 3853 uni·

589 3898 806 3969 versalitntcm
822 3900 1002 3985 escendat,
1027 3928 1109 3999 quae
1127 3904 1227 3997 possit
1253 3904 1363 3979 omnia
1389 3900 1503 3975 similia

586 4014 790 4121 complecti,
815 4037 848 4087 er
872 4015 1040 4090 dissimilia
1063 4046 1232 4096 secernere
1258 4025 1291 4097 in
1317 4022 1502 4119 generibus,

587 4150 622 4203 et
659 4130 852 4229 speciebus,
891 4136 938 4209 sic
971 4137 1005 4215 in
1039 4158 1104 4218 tam
1136 4139 1273 4217 dirersis
1303 4143 1503 4239 diuersorum

1317 4934 1564 4979 ———-‹---⁴·l
