3542 5309
1067 671 1120 751 111

251 808 324 857 nem
342 768 414 855 non
435 802 647 878 raperentur?
663 781 784 857 etenim
796 808 881 886 quae
899 782 1047 859 omnium
1068 786 1168 861 sensi·

249 906 305 975 bus
318 885 595 987 obrersabantur,
616 924 652 975 et
676 904 822 976 motibus
846 903 912 977 suis
923 956 937 989 ,
960 904 1165 1001 splendore,

251 1021 358 1120 liguris
374 1021 463 1095 adeo
478 1020 706 1106 dissimilibus,
731 1022 919 1123 comtisque
933 1024 1101 1099 coloribus
1123 1024 1165 1097 ad
1208 1046 1212 1057 ·

251 1136 427 1237 oculorum
447 1141 749 1226 oblectamentum,
771 1163 871 1241 atque
894 1142 933 1213 ad
950 1140 1163 1235 objectorum

251 1241 507 1343 ustincubnem,
531 1259 795 1356 vclipsisiaritis
809 1282 954 1335 mentem
979 1262 1088 1338 subire
1106 1263 1165 1337 de·
1194 1324 1198 1329 .

252 1372 381 1465 beban‘t3
406 1370 528 1453 ititerea
547 1370 628 1453 vero
644 1379 701 1477 qui
716 1379 894 1476 profectus,
910 1406 995 1479 quae
1007 1382 1162 1459 notiones

251 1500 425 1572 suillorum
439 1492 727 1574 meditationibus.²
750 1504 882 1575 soecula
897 1491 1088 1574 effluxerunt
1104 1527 1162 1574 an·

251 1638 374 1717 tequam
387 1621 443 1689 lun
455 1618 624 1717 affulgeret
635 1617 713 1691 huic
726 1622 877 1693 Facultati
891 1620 965 1695 satis
977 1622 1159 1718 perspicua.

302 1726 402 1829 Quae
429 1758 466 1808 ut
489 1738 604 1813 clarius
622 1732 750 1835 pateriae
760 1761 775 1822 ,¹
796 1732 906 1813 abste
925 1740 1070 1813 nouerit
1095 1743 1162 1837 pti·

251 1875 373 1931 uotum
391 1878 578 1952 temporum
598 1857 752 1930 historias
768 1882 948 1933 excurrere.
972 1858 1168 1933 Priscorum·

250 1977 417 2049 hominnm
432 1973 551 2073 triplex
574 1978 766 2075 praesertim
778 1974 1044 2076 distinguendum
1068 1980 1159 2053 vitae

214 2177 217 2200 ,
251 2109 369 2190 genus:
398 2112 591 2192 venatorum
605 2150 621 2180 ,
643 2091 836 2193 pastoiom,
860 2097 1101 2197 agricolarum,
1123 2118 1162 2174 er

251 2238 359 2288 eorum
387 2216 554 2304 (tortasse
579 2242 621 2289 ctt
643 2210 718 2306 l'u's)
749 2217 806 2315 qui
829 2218 1041 2306 iustrumenta
1065 2240 1158 2313 pata-

253 2333 320 2407 bant
342 2333 420 2432 ipsis
442 2354 656 2432 opportuna·
682 2338 862 2409 Venatores
886 2336 1016 2436 ingenia
1042 2335 1157 2413 bruto·

252 2477 339 2537 tum,
374 2466 570 2554 eorumque
593 2454 745 2538 latibula,
776 2456 983 2529 calliditatem
1006 2458 1157 2541 studioso

254 2574 516 2671 pervestigabant.
540 2578 689 2649 Parentes
712 2575 871 2671 adgregis
894 2576 1155 2649 incolumitatem

253 2692 356 2765 sedulo
380 2668 586 2791 inqiiirebanr
609 2715 778 2775 naturam,
803 2714 836 2764 et
860 2692 1047 2788 temperiem
1077 2694 1156 2779 soli,

240 2815 324 2907 ‘quae
344 2812 471 2908 aptiora
493 2832 601 2887 essent
623 2812 665 2884 ad
689 2811 918 2912 nutritionem,
940 2811 1156 2885 observabant

214 2971 215 2978 κ
250 2928 471 3006 foecunditatis
486 2953 648 3015 aetatem,
670 2929 862 3027 gestationis
880 2950 1037 3028 tempus,
1061 2949 1157 3005 mur·

254 3048 324 3135 bos,
359 3034 478 3149 quibus
500 3070 583 3124 sunt
601 3044 742 3124 armenta
765 3048 935 3134 obnoxia,
968 3056 1154 3153 eorumque

251 3169 403 3247 remediat
424 3169 589 3267 agricolae
610 3171 646 3241 io
673 3196 715 3242 eo
738 3170 924 3265 praesertim
952 3170 1014 3245 rori
1038 3190 1151 3255 erant,

252 3306 283 3355 ut
303 3314 341 3360 ex
361 3290 499 3394 pognita
526 3290 590 3365 soli
615 3290 767 3362 varietate
796 3290 921 3363 fructus
940 3285 1153 3385 seligerent.

213 3435 218 3507 p
252 3402 405 3481 fmctuum
426 3409 551 3483 semina
573 3403 835 3506 dignoscerent,
869 3429 968 3505 atque
995 3400 1152 3483 ¹secerne·

214 3575 215 3580 κ
250 3542 335 3611 rent3
363 3528 550 3600 animalium
575 3531 698 3611 eriam,
731 3528 873 3626 quaein
897 3516 1080 3611 auxilium,
1115 3548 1153 3601 er

251 3646 330 3738 quasi
349 3648 466 3721 socios
489 3649 637 3721 laborum
659 3670 794 3720 suorum
817 3646 878 3719 sibi
901 3628 1121 3743 adjungebant
1135 3702 1150 3733 ‚

251 3761 350 3847 sires,
371 3792 505 3851 mores,
527 3766 705 3862 ingenium·
721 3784 959 3863 agnoscerent:
981 3756 1034 3839 alii
1059 3766 1150 3841 deni-

252 3905 307 3975 que
326 3885 493 3958 materiam
512 3869 764 3985 obscurabant,
786 3909 825 3956 er
849 3908 915 3982 qua
938 3885 1149 3961 instrumenta

214 4015 215 4074 Τ
252 3998 286 4067 acl
306 4005 555 4101 agriculturam,
570 4006 622 4078 'ad
645 4005 877 4086 renationem,
909 4022 1006 4102 atque
1030 4004 1071 4078 acl
1095 4024 1155 4079 rot·

253 4116 322 4191 alios
342 4109 546 4223 multiplices
564 4126 655 4199 vitae
674 4113 754 4197 uiue
773 4110 1021 4197 accommodata
1043 4122 1149 4200 confi·-

255 4256 410 4321 ttteatut:
429 4245 473 4321 ita
485 4242 702 4345 experientia,
723 4264 760 4321 er
770 4270 830 4319 usu
841 4241 1036 4329 didicerunt,
1059 4268 1147 4343 quae
