3542 5309
695 631 800 698 xxvt

587 625 702 828 nolit
720 741 846 812 Utano.
872 721 966 833 Quid
989 723 1507 830 deCometisbicendom'ftsrett

587 864 633 936 At
657 885 767 934 nonne
781 861 869 932 Deus
894 859 1089 956 adglorians
1113 883 1202 929 suam
1225 858 1505 934 manifestandam

585 981 695 1078 potuit
723 978 782 1048 alia
818 1001 928 1051 create
959 977 1045 1072 entia
1077 976 1311 1076 intelligentia,
1348 1005 1507 1076 quornm

585 1099 680 1178 uobis
705 1098 789 1170 nulla
813 1122 883 1170 esse
907 1082 1009 1195 possit
1032 1095 1127 1168 idea?

656 1219 783 1312 Regula
813 1218 929 1317 tertia.
960 1203 1143 1314 Quulr'totes
1180 1237 1372 1311 corporum,
1415 1247 1506 1312 quae

583 1341 731 1422 intendi,
757 1361 787 1410 et
811 1331 932 1436 reinirtt'
946 1359 1117 1432 nequeunt,
1140 1358 1280 1430 quaeque
1303 1341 1506 1430 corporibus

583 1461 728 1532 omnihus
749 1479 952 1552 competunt,
975 1461 1009 1528 in
1034 1458 1146 1550 quibus
1161 1456 1377 1548 experimenta
1398 1458 1506 1528 insti-

584 1603 672 1652 tuere
701 1579 774 1648 licet
800 1601 860 1670 pro
892 1577 1103 1670 qualitatibus
1128 1598 1296 1670 corporum
1318 1577 1503 1647 universo·

582 1723 651 1770 rum
675 1696 838 1766 habendae
858 1720 944 1766 stent.

616 1821 619 1830 '
651 1817 739 1888 Nam
764 1814 933 1912 qualitates
955 1837 1132 1908 corpomm
1163 1811 1289 1884 nonnisi
1313 1839 1372 1908 pet
1393 1837 1503 1906 expe·

579 1935 716 2010 timente
739 1933 969 2014 innotescunt3
994 1933 1138 2029 ideoque
1162 1934 1327 2028 generales
1350 1951 1499 2006 statuen-

579 2052 640 2124 dae
664 2073 737 2126 sunt
761 2073 929 2156 quotquot
953 2076 1028 2122 cum
1053 2047 1276 2148 experimentis
1294 2052 1499 2148 generaliter

578 2171 753 2270 quadrant,
790 2192 823 2241 et
859 2197 943 2268 quae
979 2170 1080 2242 minui
1116 2193 1185 2240 noo
1218 2193 1383 2264 possunt,
1424 2197 1495 2242 non

579 2309 717 2384 possunt
741 2289 879 2361 auferri:
906 2313 1014 2385 neque
1042 2316 1061 2362 a
1086 2291 1227 2364 Naturae
1262 2290 1412 2385 analogia
1444 2315 1496 2361 re·

521 2431 528 2450 ¹
578 2405 762 2480 cedendum
798 2428 865 2490 est,
899 2429 975 2478 enm
1013 2435 1049 2480 ea
1085 2409 1220 2502 simplex
1251 2430 1322 2481 esse
1357 2413 1496 2492 soleat,

577 2547 612 2599 et
646 2525 706 2597 sibi
743 2553 869 2620 semper
902 2527 1074 2615 consons5
1112 2527 1155 2598 ita
1179 2530 1326 2600 extentio
1363 2555 1492 2622 corpo·

575 2671 647 2724 tum
688 2671 746 2739 per
783 2663 894 2720 sensus
927 2645 1138 2729 innotescit,
1173 2670 1234 2718 nec
1274 2645 1310 2720 in
1334 2648 1491 2720 omnibus

573 2767 732 2852 sentitur3
756 2768 812 2839 sed
837 2768 913 2863 quia
931 2767 1133 2840 sensibilibus
1149 2763 1300 2840 omnibus
1323 2766 1489 2861 competit

573 2887 616 2959 de
641 2884 793 2958 universis
805 2879 987 2958 affirmatur.
1011 2884 1163 2958 Slmilitet
1186 2909 1280 2960 sensu
1297 2885 1488 2982 colligimus

571 3025 717 3098 corpora
741 3027 810 3074 esse
824 3003 1101 3094 impenetrabilia,
1125 3024 1159 3075 et
1175 3004 1405 3078 concludimus
1423 3009 1487 3076 im·

573 3116 863 3214 penetrabilitatem
888 3145 959 3194 esse
972 3125 1202 3220 proprietatem
1217 3148 1399 3221 corporum
1412 3125 1487 3196 uni·

572 3259 758 3312 versorum.
955 3255 958 3260 ·
1253 3309 1259 3314 ,

629 3357 757 3450 Regula
781 3377 910 3456 quarta.
937 3355 980 3428 In
1004 3361 1216 3457 Philosophia
1238 3364 1488 3461 experimentali

570 3476 807 3571 propositiones
845 3505 886 3564 ere
910 3481 1141 3573 phoenomenis
1172 3507 1230 3574 per
1266 3485 1483 3555 inductionem

571 3594 722 3666 collectae
749 3615 815 3663 non
840 3601 1040 3671 obstantibus
1060 3602 1237 3672 contrariis
1256 3604 1484 3700 hypothesibus

568 3735 630 3808 pro
654 3714 741 3782 veris
764 3737 821 3784 ortt
844 3739 1019 3802 accurate,
1049 3739 1107 3791 out
1131 3746 1226 3812 quant
1247 3723 1401 3817 proxime
1425 3725 1484 3792 ha·

567 3829 635 3900 beri
657 3830 788 3916 debent,
811 3837 910 3906 donec
934 3840 1003 3906 alin
1027 3841 1226 3908 occurrerint
1243 3843 1481 3936 phaenomena,

566 3971 625 4059 per
648 3971 728 4041 quae
750 3973 808 4021 out
831 3958 1050 4028 accuratiores
1071 3957 1247 4030 reddantur
1258 4013 1270 4043 ,
1306 3983 1365 4030 aut
1390 3990 1485 4034 exce·

452 4079 455 4082 ’
560 4068 739 4169 ptionihus
764 4073 932 4144 ohnoxiae.

642 4189 720 4260 Hoc
748 4183 817 4260 fieti
844 4191 971 4274 debet,
996 4217 1039 4266 ne
1062 4213 1289 4294 argumenttm
1313 4197 1481 4272 inductio
1531 4135 1536 4146 ·
