3542 5309
258 730 466 829 animalium
485 730 758 828 ‚spectabuntur
772 752 832 807 err
854 731 889 808 io
911 737 1063 815 varietate
1088 747 1190 827 diver,

258 872 320 962 ut·
341 848 482 926 difficile
516 854 656 925 omnino
686 855 727 926 sit
749 854 789 927 ab
814 838 992 929 observatis
1027 860 1061 931 in
1085 861 1192 959 aiiqua

257 972 392 1067 specie
414 996 474 1067 per
496 973 676 1083 analogiam
700 975 896 1048 concludere
909 976 950 1049 ad
966 976 1058 1049 alias:
1083 1004 1132 1049 en.
1158 1006 1193 1077 g.

259 1091 462 1163 testudines
496 1114 650 1165 excavato
681 1094 795 1167 cranio
815 1093 955 1180 vir-unt,
975 1096 1188 1182 nutriuntur,

260 1211 438 1293 sentiunt,
462 1232 497 1284 et
519 1209 763 1305 eapitiseavitar
787 1234 866 1307 post
878 1215 1011 1311 aliquod
1035 1218 1191 1309 temporis

258 1329 485 1403 intervallum
510 1331 697 1403 membrana
709 1331 892 1428 obtegiru15
919 1333 986 1405 imo
1010 1334 1195 1429 capiream·

261 1469 396 1541 putato
421 1450 460 1521 ad
473 1449 598 1554 aliquot
613 1474 741 1523 mearet
758 1450 903 1535 uiuunt,
920 1452 1080 1527 cochleae
1093 1474 1192 1527 rerre·

262 1587 359 1640 atres
373 1569 482 1663 capite
496 1568 631 1641 rescisso
654 1594 720 1641 non
733 1571 841 1641 tolum
860 1571 993 1653 vivunt,
1017 1571 1076 1645 aad
1091 1592 1190 1669 caput

263 1684 385 1781 ipsum
411 1687 650 1783 reproducitur,
679 1714 764 1784 quae
786 1690 827 1761 ad
852 1692 984 1765 aliarum
1007 1689 1192 1785 specierum

266 1804 450 1881 animantia
475 1828 641 1903 nequeunt
664 1808 785 1879 referri.
818 1812 864 1879 Ex
892 1834 935 1883 eo
962 1807 1055 1907 quod
1077 1834 1192 1907 quam-

266 1922 416 2017 plurima
441 1925 587 1999 animriia
615 1925 738 2022 frigore
762 1946 911 2023 correpta
936 1928 1190 2013 contabescant,

267 2043 404 2139 Physici
428 2044 573 2118 solebant
586 2068 628 2117 ex
638 2045 785 2141 analogia
803 2045 920 2119 inferre
937 2047 1082 2146 germina
1094 2049 1191 2121 etiarn

269 2186 446 2235 erucarum
470 2163 573 2237 nimio
593 2162 718 2259 frigore
741 2164 855 2237 innuis
880 2166 945 2246 tuis
957 2165 1073 2261 perire,
1098 2165 1189 2243 ideo·

269 2306 341 2378 que
365 2279 432 2354 ueri
445 2306 535 2355 novo
557 2280 916 2379 sipraecearerithieurs
940 2286 1069 2368 mitior,
1081 2311 1193 2382 agros,

272 2402 501 2497 arboresque,
536 2402 645 2474 vineas
681 2402 837 2476 devastari
869 2404 994 2497 ingenti
1018 2428 1190 2477 erucarum

273 2518 338 2607 vi;
371 2520 572 2591 contrarium
606 2542 717 2593 aurern
741 2522 901 2605 evenire,
934 2524 960 2593 ei
988 2526 1192 2599 vehementer

271 2637 487 2721 hiemaverit5
527 2640 691 2737 analogiae
715 2621 869 2714 fallaciam
896 2640 1015 2715 deterit
1040 2640 1191 2713 observa·

274 2757 351 2829 tio:
375 2782 464 2842 anno
486 2757 574 2831 anim
598 2757 755 2854 superiori
777 2759 906 2855 ,frigore
930 2756 1057 2830 hiemali
1082 2758 1190 2833 noni·

273 2902 358 2961 ner,
381 2896 420 2951 et
441 2876 611 2953 animantia
635 2876 898 2964 occumbebant,
925 2877 1099 2951 brucoruur
1125 2902 1190 2955 ova

274 2996 325 3067 vel
363 2996 398 3067 in
421 2992 680 3071 tolosanorum
706 2996 874 3080 involuta,
910 2980 963 3069 vri
993 2995 1026 3068 iu
1060 2995 1187 3071 cortice

272 3113 368 3187 altius
390 3114 542 3199 defossa,
568 3118 621 3189 vel
646 3118 679 3187 in
702 3116 795 3213 galiis
817 3137 976 3197 contensa
1000 3115 1080 3189 nihil
1096 3140 1188 3211 pror·

273 3258 328 3307 rur
352 3256 566 3326 passarum,
603 3259 681 3309 vere
705 3235 792 3306 enirn
816 3236 1008 3307 adveniente
1044 3260 1085 3307 ex
1117 3236 1188 3311 ovis

275 3351 431 3447 prodiere
455 3376 578 3426 vermes
601 3352 747 3429 maximo
769 3354 919 3431 arborum
945 3356 1077 3428 damno.

334 3471 516 3580 ‘Analogia
539 3472 637 3557 etiam
661 3472 899 3557 abutebantur,
927 3473 982 3576 qui
1010 3472 1187 3543 censebant

273 3590 412 3686 planetis
439 3616 517 3663 auor
541 3615 609 3666 uon
638 3587 946 3675 deessemmines,
972 3614 1012 3661 ex
1036 3590 1188 3687 eoquod

273 3732 446 3785 ostensum
477 3708 575 3781 fuerit
600 3710 796 3791 Planetarurn
813 3734 955 3806 corpora
979 3734 1047 3782 esse
1064 3710 1186 3783 Telluri

271 3828 448 3903 simillima.
469 3829 596 3902 Etenim
619 3830 646 3903 ai
659 3827 873 3925 planeticolae-
892 3846 1000 3903 errent
1023 3828 1184 3919 hominen,

272 3969 307 4021 et
329 3946 508 4021 animantia
532 3947 596 4039 jam
620 3946 746 4045 abipsa
767 3949 931 4023 creatione
948 3948 1026 4043 igne
1051 3949 1186 4019 ustulata

273 4065 447 4159 periissent
476 4064 510 4137 in
536 4066 731 4149 Mercurio,
768 4090 801 4139 et
827 4072 977 4150 Venere,
1016 4067 1185 4162 nimioque
1296 4048 1299 4053 ⁵

271 4183 392 4288 frigore
416 4182 551 4298 rigentia
574 4185 609 4259 in
633 4184 787 4301 talionis,
811 4186 1053 4286 praesertirnir
1078 4190 1186 4287 Satur·
