3542 5309
247 743 435 828 acumine,
471 740 642 835 rationurp
658 737 830 837 pondere,
858 738 1102 817 -tnettndarum
1125 772 1176 821 re·

247 890 323 936 rum
352 864 501 947 ordine,
539 839 699 935 novitium
723 879 829 932 rerunt
865 886 945 935 ase
974 862 1176 943 intentarunt

249 984 497 1066 multitudine,
537 976 674 1059 onines,
711 979 765 1076 qui
801 1004 878 1051 eunt
910 1004 1174 1075 praecesserunt,
1208 996 1211 1003 ⁴

250 1106 446 1196 superavit3
470 1102 591 1177 adeout
614 1126 651 1175 ea
673 1098 927 1196 philosophandi
953 1099 1048 1187 tatio,
1074 1130 1174 1203 quarn

249 1220 323 1316 ipse
359 1223 513 1306 invexit,
550 1247 639 1293 nunc
666 1219 822 1313 temporis
848 1220 997 1293 omniurn
1023 1222 1199 1301 donini·-

250 1366 391 1413 ntorum
427 1356 587 1415 consensu
610 1356 739 1435 recepta
760 1338 831 1424 sit3-
857 1336 1041 1434 ipsu-..enim
1065 1369 1181 1419 exeru-

253 1464 311 1557 plo
336 1486 404 1533 suo
428 1458 662 1533 demonstravit
677 1456 893 1553 experientia,
919 1478 955 1531 et
978 1462 1197 1543 observatio·

252 1606 297 1651 ne
322 1580 487 1663 ducibus,
511 1604 580 1653 esse
596 1579 645 1649 ·in
669 1580 766 1650 rebus
795 1578 992 1653 naturalibus
1027 1582 1186 1678 philoso'

253 1701 437 1793 phandunt.
474 1698 760 1793 Peripateticorum
785 1696 877 1770 triers
902 1680 969 1771 non
993 1702 1100 1775 solunt
1124 1729 1175 1777 re·

252 1817 335 1913 jecit
361 1844 503 1901 ornnes,-
529 1821 588 1892 sed
613 1814 808 1913 perridicule
832 1816 1006 1891 insecutus
1030 1840 1088 1897 est.
1178 1839 1181 1849 '

329 1939 488 2011 Ostendit
512 1955 688 2033 corporum
713 1934 909 2033 gravitatem·
937 1962 1008 2011 esse
1032 1964 1176 2037 propor-

254 2057 420 2130 tionalem
443 2056 619 2155 quantitati¹
636 2054 812 2137 materiae,
833 2055 918 2129 idest
940 2082 1080 2147 massae3
1107 2080 1182 2136 tto-¹

256 2176 328 2247 nim
364 2203 510 2273 corpora
533 2165 737 2249 diversorum
766 2176 949 2269 ponderum
987 2202 1026 2249 ex
1050 2205 1175 2253 summa

256 2297 371 2391 templi
395 2296 567 2394 altitudine
591 2295 694 2371 simui·
709 2293 864 2375 demisit,
901 2316 935 2374 et
958 2298 1081 2369 eodem
1106 2298 1176 2373 fere

257 2432 413 2511 tempore
438 2416 478 2487 ed
500 2418 607 2488 solu'm
631 2432 806 2511 ptttenpre
830 2418 961 2487 otnnia:
987 2416 1178 2491 deridebant

260 2536 383 2609 barbati
407 2523 442 2607 in
466 2535 573 2608 Pisana
599 2532 777 2607 Academi-tt
793 2532 959 2629 magistri3
983 2537 1040 2607 sed
1065 2558 1173 2609 utens

260 2654 409 2728 irrideret
435 2656 562 2750 magis,
586 2655 658 2725 duo
677 2649 837 2743 disposuit
862 2676 1004 2747 corpora
1028 2649 1177 2728 filistnn·

260 2773 380 2847 bilibus
403 2800 543 2869 appensa
565 2796 670 2871 aeque
691 2770 821 2867 longis,
846 2794 988 2868 quotum
1012 2772 1176 2844 attende-

260 2897 395 2988 cuplum
422 2914 507 2966 esset
535 2892 693 2987 pondus,
718 2889 816 2961 ambo
838 2890 936 2963 simul
959 2888 1000 2963 nd
1025 2890 1176 2964 eamdem
1211 2882 1214 2887 Δ

259 3014 466 3084 altitudinem
491 3013 658 3095 elevavit,
695 3010 907 3107 ritmisitque:
932 3009 1031 3083 ambo
1055 3010 1176 3085 eodem

260 3151 414 3227 ternpore
439 3132 549 3217 ibant,
585 3133 821 3227 redibantque,
842 3129 925 3203 idest
949 3131 1067 3203 eodem
1094 3155 1178 3205 tem·
1269 3164 1274 3175 ·

259 3276 346 3345 pote
370 3251 578 3334 oscillrbnnt3
614 3251 717 3348 quod
741 3250 765 3322 si
799 3250 954 3321 velocitas
978 3251 1178 3343 respondere

262 3372 428 3444 debuisset
451 3368 565 3461 maiori
592 3370 752 3466 ponderi,
778 3392 900 3463 corpus
922 3368 1022 3452 illud,
1050 3370 1101 3441 cui
1121 3368 1178 3439 de·

260 3493 399 3585 euplum
423 3509 490 3559 etat
515 3490 661 3584 pondus,
684 3486 999 3581 decupio'velocius
1024 3472 1098 3559 'esse
1122 3487 1180 3562 dei·

260 3612 409 3695 buisset3
440 3607 527 3681 uode
550 3609 731 3688 inferebat,
764 3605 853 3677 omni
879 3609 1000 3677 subirta
1025 3608 1179 3685 resisten-

260 3730 330 3813 tia,
353 3752 498 3823 corpora
520 3728 636 3803 diversi
661 3724 841 3824 ponderis,
865 3723 1035 3820 gravitatis
1059 3726 1089 3796 ti
1123 3725 1182 3797 de·

261 3845 452 3921 scendentia
475 3846 596 3917 eodem
621 3869 772 3942 ternpore
801 3840 1052 3940 idemvspn'tiurn
1078 3844 1181 3916 dinte·

263 3965 315 4039 tiri
341 3967 475 4040 debete.
497 3966 544 4035 Ex
567 3968 617 4038 his
640 3967 748 4063 legent
772 3963 960 4062 quaesivit,
986 3988 1047 4061 qna
1074 3966 1198 4069 gravis,

263 4110 311 4158 tas
337 4085 406 4183 agir
435 4086 469 4157 in
493 4087 687 4181 corporibus
709 4086 806 4156 iibere
833 4082 1003 4155 deciduis:
1029 4098 1075 4155 -et
1097 4106 1181 4155 asse·

264 4206 330 4279 ro'tt
351 4225 486 4280 motuni
509 4205 696 4281 vertietietn
719 4205 759 4277 ab
782 4202 982 4278 bor'rznntdi
1002 4201 1181 4276 ntdiatentts
