3542 5309
1546 554 1548 593 l

1546 624 1547 655 l

620 691 668 740 ro

570 759 818 848 tenuissimum,
840 756 911 834 aliae
934 763 971 836 in
984 762 1111 836 calcem
1132 757 1268 837 abibunt
1289 760 1416 858 paullo
1430 768 1509 860 post

573 857 790 942 solvendam,
819 858 890 932 aliae
938 855 1004 932 uasr
1027 860 1226 945 vitrescent,
1249 861 1320 932 aliae
1345 861 1510 934 exstilla-
1547 908 1548 941 r

572 955 658 1028 bunt
680 956 716 1026 in
740 955 815 1026 olea
838 978 873 1026 cr
931 979 1008 1041 ora3
1031 958 1121 1028 unde
1145 977 1241 1029 novae
1266 981 1308 1028 er
1332 960 1510 1036 omnibus
1547 956 1548 971 ¹

574 1047 655 1124 fiant
677 1051 968 1138 combinationes,
999 1058 1034 1125 δε
1057 1076 1152 1124 nove
1175 1053 1314 1126 existant
1337 1078 1379 1125 ex
1411 1055 1508 1128 varia

572 1148 708 1220 aliarum
739 1147 781 1219 ad
805 1148 881 1222 alias
905 1145 1062 1222 affinitate
1085 1152 1335 1232 concretiones,
1353 1170 1431 1222 tot
1456 1153 1508 1223 la-

572 1242 714 1340 pidum,
739 1269 942 1341 gemmanun
954 1270 1103 1344 genera,
1127 1267 1178 1318 tot
1202 1245 1416 1323 diversorum
1429 1272 1507 1320 me·-

580 1339 736 1412 tallorum
760 1340 893 1422 minerae
918 1349 984 1414 &c.

671 1437 867 1532 Exemplum
902 1439 942 1512 ab
967 1439 1173 1534 experientia
1192 1439 1335 1535 petitum
1367 1461 1505 1534 proper

574 1557 674 1610 nere.
691 1533 818 1627 juvabit
841 1535 975 1607 acidum
998 1536 1202 1609 vittiolicnm
1225 1535 1419 1631 digestione
1448 1536 1508 1611 sua

575 1629 668 1724 supra
693 1628 810 1702 diversr
835 1633 965 1730 generis
990 1633 1170 1728 crystallos,
1223 1657 1360 1715 emmas,
1381 1633 1505 1726 grani·
1549 1680 1550 1689 η

576 1745 674 1810 tum,
706 1728 920 1824 pracipitavit
944 1754 985 1809 ex
1009 1730 1048 1802 iis
1069 1657 1503 1823 corporibusselenitem,

573 1841 699 1918 partem
723 1849 845 1920 nempe
868 1845 964 1912 tetrae
988 1826 1134 1900 calcaris.

384 1949 567 2016 verengari.
623 1922 682 2009 48.
705 1920 796 2002 Illud
820 1921 854 2002 in
879 1926 942 1997 hac
964 1921 1264 2018 reinquirendum
1287 1923 1407 2004 restat,
1435 1945 1503 1992 un-

385 2027 446 2073 um
464 2020 561 2070 runu.
576 2014 620 2086 de
644 2041 766 2112 nempe
799 2019 991 2116 regularitas
1020 2019 1202 2092 formarum
1238 2015 1278 2104 ι[ιι
1299 2018 1501 2111 repetenda.

396 2101 451 2139 ‘¹²¹¹‘
577 2113 756 2190 Stenonius
789 2115 966 2210 suspicatur
995 2116 1135 2212 aliquod
1158 2112 1223 2189 elle
1246 2112 1388 2196 fluidum
1407 2128 1501 2207 'pro-

576 2209 685 2302 prium
709 2212 883 2307 crystallo,
908 2214 1002 2307 quod
1024 2233 1131 2308 partes
1154 2213 1265 2309 adigat
1289 2210 1324 2281 in
1347 2210 1501 2304 symetrii

386 2349 498 2402 sunonir
515 2329 631 2414 orl-⁹²⁸
655 2304 795 2379 formas:
821 2306 999 2402 suspicatur
1021 2309 1113 2393 idern
1138 2305 1204 2380 esse
1228 2307 1313 2398 illud
1336 2305 1498 2400 fluidum*

391 2419 438 2467 nio
578 2403 672 2498 quod
688 2402 775 2494 ,facit
797 2404 882 2484 lucis
907 2404 1168 2492 refrastiouenr3'
1195 2407 1265 2474 imo
1288 2404 1375 2474 illud
1398 2427 1500 2474 corn·

578 2519 668 2596 parat
691 2524 770 2574 cum
788 2495 902 2570 fluido
925 2503 1139 2598 magnetico,
1168 2501 1263 2599 quod
1285 2500 1362 2572 ferri
1383 2501 1497 2571 mole-

514 2611 520 2622 ·
580 2597 670 2678 culae
694 2597 868 2694 componit
892 2596 1141 2690 innobilium,
1164 2605 1200 2672 ἃ
1222 2593 1496 2694 prglongaquafi.

576 2687 766 2778 filamenta,
788 2720 862 2790 quae
881 2690 952 2782 ‚effe
975 2695 1107 2789 possunt
1125 2694 1289 2790 imagines
1307 2691 1498 2766 filamento·

577 2813 651 2863 rum
696 2793 731 2862 in
764 2790 912 2880 faciebus
948 2795 1087 2888 crystalli
1129 2811 1295 2865 montanae
1327 2790 1496 2886 pyriturn3

578 2887 665 2968 hanc
699 2888 918 2984 suspicionem
940 2887 1049 2974 {luido
1072 2888 1230 2960 eleslrico
1257 2887 1387 2980 aptabat
1409 2891 1496 2962 Bece

413 3013 546 3068 nectaria
581 2985 681 3056 carias
705 2985 856 3070 suffultus
880 2984 1057 3078 prasertim
1070 2984 1225 3078 exemplo
1235 2980 1422 3067 floccorum
1444 2982 1496 3056 nie

580 3077 642 3162 vis,
667 3082 703 3152 in
726 3079 849 3176 quibus
872 3081 1015 3152 maxima
1036 3082 1229 3179 regularitas
1252 3081 1287 3162 in
1309 3080 1496 3176 hexagonia

579 3168 720 3271 figura,‘
743 3176 908 3272 adquam
933 3198 1182 3270 componuntur
1205 3174 1260 3266 fila
1282 3176 1386 3248 libere
1411 3201 1495 3272 pene

580 3269 681 3354 dula,
706 3280 741 3343 δι
766 3272 886 3352 blanda
910 3274 1128 3350 eleslricitate
1152 3275 1288 3354 imbuta.

627 3395 686 3456 49·
696 3370 877 3448 Mairanius
886 3371 945 3467 q'ui
955 3370 996 3444 ad
1004 3371 1377 3468 plurimapboennmena
1388 3367 1495 3463 expli.-

581 3466 686 3537 canda
708 3467 744 3538 in
769 3465 946 3540 subsidium
971 3488 1068 3540 vocar
1092 3470 1274 3551 aetherem,
1297 3466 1376 3537 huic
1386 3464 1492 3543 fluido

550 3561 700 3657 -ignoto
723 3587 839 3638 omnes
864 3564 979 3635 tribuit
1003 3565 1222 3648 affelbiones,
1254 3587 1334 3657 quas
1358 3561 1395 3632 in
1419 3559 1493 3632 flui-

581 3659 628 3729 do
653 3659 814 3751 elestrico
839 3661 967 3732 detexit
991 3661 1213 3756 experientia:
1247 3656 1493 3752 disposrtionem

580 3756 788 3828 lamellarum
801 3757 921 3856 glaciei
944 3757 987 3830 ad
998 3785 1075 3857 ang.
1096 3768 1193 3842 6o.⁰,
1216 3756 1273 3829 vel
1289 3765 1384 3835 rao.⁰
1406 3752 1492 3850 figur

580 3875 651 3922 ram
685 3856 917 3928 romboideam
952 3856 1092 3951 crystalli
1116 3855 1303 3934 islandicae,
1340 3852 1490 3925 cubicum

579 3949 724 4116 ppritum
748 3953 922 4026 contendit
946 3952 987 4023 ab
1012 3977 1055 4025 eo
1078 3949 1184 4025 fluido
1217 3950 1387 4035 derivare:
1420 3972 1492 4042 quar

556 4068 603 4134 *o
628 4043 824 4119 servationes
856 4048 898 4117 ad
928 4047 1150 4121 elesiricitatis
1185 4047 1354 4121 abbionem
1388 4067 1491 4141 agno·

580 4140 735 4215 scendarn
756 4165 818 4216 nos
864 4145 1041 4218 obducunt.
1106 4197 1114 4205 -
1220 4163 1224 4168 ’

626 4265 686 4340 50.
713 4243 800 4336 Quae
837 4268 849 4309 r
872 4241 969 4314 nimis
991 4244 1174 4319 vehemens
1193 4239 1255 4327 sit,
1279 4238 1360 4312 dum
1374 4257 1492 4331 corpo·
1544 4223 1547 4230 ’

343 3459 346 3464 -
423 3421 545 3472 Mairrnii
