3542 5309
1032 667 1155 747 :XXifl

288 782 412 880 gis,
386 776 428 850 ad
453 800 531 849 eum
553 773 786 880 convolarunt
809 779 934 868 Interea
958 798 1039 856 vero
1058 774 1204 881 ingenio

288 885 513 995 praestantes,
550 894 584 981 in
618 892 688 987 ejus
709 878 880 1001 systemate
904 888 1132 991 explanando,
1167 914 1207 973 nt

289 1020 370 1105 inde
408 1015 599 1096 naturalium
641 1015 947 1109 phoenomenorum
986 1038 1114 1102 caussae
1156 1035 1209 1085 te·
1255 1060 1259 1069 .

289 1139 362 1233 peti
386 1154 535 1230 possent,
558 1116 598 1205 ad
614 1128 666 1201 ina
691 1128 936 1237 exquisitissima
961 1128 1101 1218 animum
1127 1156 1209 1214 con·

290 1272 494 1335 uerterunt,
529 1275 614 1350 quae
638 1249 733 1319 habet
756 1247 812 1319 ubi
836 1250 880 1320 de
906 1252 1064 1323 methodo
1090 1252 1211 1323 edisse·

292 1374 368 1462 rit,
399 1370 458 1455 nbi
493 1394 588 1457 usum
613 1366 714 1449 docet
738 1368 919 1480 aigebtae
910 1396 944 1441 ιιι
968 1345 1210 1455 Geomettiam,

294 1493 351 1564 ubi
377 1489 585 1592 Dioptricam
616 1486 712 1585 tradit
749 1493 902 1581 (nempe
932 1488 1099 1561 scientiam
1127 1488 1210 1559 lucis

294 1611 472 1696 refractae)
496 1632 545 1681 res
575 1576 775 1679 mechanicas
796 1606 952 1701 explicat3
975 1626 1072 1705 atque
1094 1631 1212 1679 eorum

297 1730 408 1824 plures
436 1725 616 1821 deinceps,
650 1723 727 1815 eius
754 1718 937 1818 systemate
963 1746 1038 1821 post
1073 1724 1211 1825 habito,

299 1849 444 1919 animum
469 1848 509 1917 ad
520 1842 705 1919 sublimiora
728 1862 919 1929 erexerunt,
945 1828 1042 1943 atque
1066 1849 1133 1916 hoc
1156 1868 1214 1937 pa·

300 1987 357 2042 cto
380 1958 526 2038 affirmari
551 1981 663 2059 potest
688 1953 792 2056 ipsum
819 1965 904 2034 viam
930 1988 1055 2060 parasse
1084 1962 1124 2034 ad
1148 1965 1214 2033 Ga·

292 2078 443 2167 ideam,
478 2105 513 2155 et
537 2080 764 2153 Nevvtoniana
788 2082 931 2175 piacita,
967 2082 1112 2180 quibus,
1145 2084 1214 2153 ho'e

303 2202 479 2275 saeculo
472 2222 629 2284 menore,
662 2202 793 2271 scholae
819 2199 921 2289 ferme
948 2186 1102 2279 omnes
1095 2224 1128 2271 ιιι
1141 2202 1215 2291 Esu-
1245 2234 1249 2243 ·

304 2348 388 2417 topa
410 2322 563 2393 universa
586 2287 812 2414 personabant.

302 2447 308 2459 “
377 2447 504 2512 Interea
528 2436 694 2523 Cattesius
716 2436 861 2511 acerrimi
897 2459 964 2511 erat
989 2438 1111 2537 ingenii
1137 2436 1187 2523 vir
1200 2489 1214 2521 ,

306 2585 415 2657 neque
437 2558 562 2653 optima
585 2547 842 2654 philosophandi
860 2560 944 2629 ratio
969 2557 1076 2651 ipsum
1086 2556 1215 2626 latebat:
1243 2590 1248 2605 ·

308 2680 396 2776 quasi
423 2678 599 2773 suspicarer
622 2674 773 2745 fabellam
796 2698 885 2746 suam
907 2675 1136 2766 proposuisse,
1162 2672 1218 2745 uel

307 2820 343 2869 ur
364 2797 507 2869 nimiam
541 2794 659 2866 rideret
683 2790 853 2864 hominum
877 2790 1125 2873 credulitatem,
1162 2791 1217 2863 vel

292 2918 344 2988 (ut
365 2917 493 3023 facilius
515 2914 784 2988 scholasticorum
807 2908 972 2983 andaciam
1010 2910 1218 2993 retunderet,

308 3059 491 3131 eorumque
513 3052 616 3129 nugas
631 3028 837 3126 profligaret,
859 3028 1135 3127 quemadmodum
1152 3052 1220 3101 rea·

310 3180 368 3250 pse
381 3152 595 3251 gloriabamr:
620 3172 718 3247 arque
730 3149 950 3223 demonstrant
964 3148 1218 3243 persecutiones,

313 3298 392 3407 quas
416 3270 488 3362 eius
511 3266 659 3342 doctrina
684 3287 844 3360 passa·est
870 3269 957 3361 apud
982 3266 1218 3349 scholasticos,

296 3393 367 3491 ·qui
383 3384 575 3462 Castesiurn
599 3375 729 3458 atheum
752 3384 901 3457 audacter
926 3362 1159 3479 praedicabant.

301 3562 304 3569 ,
351 3512 449 3583 Post
473 3508 584 3580 Gaiilei
610 3506 761 3586 obitum,
786 3502 940 3585 Viviani‚
966 3504 1110 3586 Cascelli,
1134 3504 1221 3573 Tor·
1303 3550 1308 3561 =

311 3626 433 3701 rireili
438 3622 660 3743 praeceptoris
683 3614 862 3699 doctrinam
887 3600 1183 3717 promovebann
1162 3620 1223 3691 Vi-

294 3748 404 3818 ·viani
429 3733 651 3817 mechanicam
675 3742 788 3821 auxit,
812 3758 911 3835 anpue
940 3740 1127 3828 illustravit3
1158 3741 1224 3833 Ca·

314 3866 400 3940 sretti
431 3888 472 3935 ex
501 3862 718 3958 praeceptoris
746 3855 904 3931 doctrinis
920 3904 924 3911 -
940 3860 1042 3954 prima
1065 3858 1144 3950 jecit
1167 3862 1224 3954 hy-

316 3982 499 4064 draulicas,
528 3981 604 4076 sive·
619 3976 771 4053 scientiae
795 3976 838 4048 de
861 3996 1129 4076 motu-aquarum
1151 3960 1232 4053 fun!

317 4104 487 4175 damerna:
504 4096 692 4172 :Torricelli
717 4121 756 4168 er
779 4094 938 4167 mercurii¹
958 4099 1166 4194 suspensione
1190 4096 1224 4170 in

287 4220 403 4297 -.'rubn
430 4220 478 4330 ad¹
497 4211 699 4343 airitndinem
722 4201 894 4314 pollicum
907 4216 1023 4317 viginti
1048 4236 1157 4300 octo,
1191 4230 1226 4287 et
