3542 5309
609 661 735 740 ,em

597 766 690 843 sione
714 785 880 864 emergere
905 760 1086 836 debuerunt
1114 760 1286 844 Placetne,
1319 779 1354 832 et
1386 785 1505 837 eostam

596 889 771 968 satellites,
806 884 862 980 qui
887 880 1086 976 amplissimo
1102 880 1208 952 solari
1235 879 1360 952 vortice
1381 882 1507 978 abrepti

598 1008 684 1080 citca
707 1004 818 1076 Solem
845 1003 1081 1082 revolvantur,
1104 998 1319 1093 proximiores
1344 1002 1508 1085 velocius,

597 1124 719 1196 tardius
741 1121 972 1207 distentionem
996 1118 1268 1218 quemadmodum
1292 1119 1508 1214 peculiaribus

598 1241 789 1319 vorticibus,
813 1240 969 1312 satellites
987 1258 1125 1336 aguntur
1149 1240 1233 1311 circa
1257 1261 1334 1316 suus
1362 1242 1507 1314 Pisuetas
1556 1244 1557 1247 ’

602 1360 784 1458 principem
810 1360 866 1456 qui
884 1382 999 1431 omues
1010 1357 1130 1430 interea
1154 1358 1198 1430 ita
1212 1380 1510 1452 componuntruo-
1557 1346 1558 1407 3

599 1499 652 1554 tus
677 1503 775 1562 suos,
803 1497 840 1550 ut
875 1477 992 1573 singuli
1015 1477 1113 1551 etiam
1137 1477 1220 1555 citca
1244 1501 1429 1550 sumeres
1454 1502 1509 1549 to-
1557 1529 1558 1544 ,

600 1618 715 1672 rentur.
743 1597 825 1670 Uuo
850 1597 954 1682 verbo
974 1623 1014 1670 err
1039 1595 1162 1670 diverse
1184 1578 1303 1675 horum
1327 1597 1509 1670 elemento-
1557 1588 1558 1665 Ῐ

600 1742 672 1790 rum
696 1696 971 1800 combim'itione,
1003 1739 1159 1814 ¹qrureque
1181 1713 1433 1809 implicatissima
1455 1739 1510 1786 ort·
1558 1772 1559 1811 ζ

595 1825 768 1936 ,ponuntur
789 1833 967 1919 facillime,
991 1855 1089 1930 atque
1111 1833 1345 1928 explicantur„
1409 1869 1427 1909 ·,

623 1997 631 2015 ·
676 1957 792 2049 Quum
804 1956 946 2050 primum
971 1951 1091 2050 prodiit
1115 1977 1190 2025 cum
1215 1953 1342 2026 asseclis
1364 1953 1429 2024 suis
1461 1952 1511 2024 fe·
1558 1960 1559 2045 j

605 2073 705 2152 stitus
728 2076 831 2146 homo
843 2126 856 2159 ,
894 2071 1058 2154 turmatim
1086 2073 1127 2144 ad
1150 2097 1227 2144 eum
1252 2091 1415 2148 accersere
1441 2097 1512 2146 non

582 2183 709 2268 selum
734 2192 831 2276 Viri,
855 2193 912 2264 sed
936 2214 970 2264 et
995 2195 1184 2279 Macronem
1210 2192 1364 2262 namsine
1381 2191 1510 2274 labore,
1559 2230 1560 2255 2

601 2313 689 2384 nulla
714 2310 812 2381 enini
836 2310 1052 2384 contentione
1085 2311 1264 2398 unisepsatn
1288 2333 1396 2396 retum
1419 2329 1512 2386 natu·
1559 2377 1560 2392 ,

602 2452 669 2502 tam
694 2428 852 2502 habebant
876 2434 972 2522 plane
997 2428 1215 2511 manifestam,

688 2548 785 2642 Quae
813 2548 870 2620 etsi
902 2546 1065 2631 uerissima
1084 2569 1161 2620 sunt
1174 2589 1195 2634 ,-·
1222 2548 1373 2621 Cartesio
1400 2568 1510 2622 tamen

589 2665 778 2764 ..plurimum
806 2667 985 2752 debemus3
1021 2666 1081 2761 ipsi
1106 2666 1193 2739 enirn
1220 2667 1404 2762 praesertim
1429 2667 1511 2741 tele-

590 2786 693 2860 tendi
717 2805 791 2860 sunt
816 2788 967 2882 uuysicae
990 2789 1184 2867 Galileanae,
1205 2808 1240 2858 et
1263 2787 1513 2862 Netrtonianae
1560 2824 1562 2829 v

604 2929 806 3002 progressus,
829 2908 956 2978 Etenim
977 2905 1129 2976 homines
1145 2906 1269 3001 uulgo,
1293 2904 1362 2978 imo
1377 2929 1417 2980 -et
1432 2934 1514 3005 gen-

604 3041 654 3104 tes
678 3023 762 3096 adeo
789 3044 878 3092 erant
905 3023 1103 3096 scholasticis
1128 3026 1374 3120 emancipatae,
1395 3047 1433 3100 ut
1455 3030 1515 3098 lra-

604 3139 701 3216 etesis
729 3140 903 3224 videretur,
926 3132 977 3214 vel
1001 3142 1160 3215 tantillum
1183 3144 1224 3215 ab
1246 3169 1360 3218 eonem
1386 3147 1514 3238 placitis

603 3259 774 3346 secedete3
811 3285 918 3357 neque
952 3288 1025 3334 vera
1064 3263 1239 3335 sentientes
1279 3263 1437 3336 audebant
1477 3267 1513 3337 in

605 3380 777 3476 pulverem
809 3381 963 3485 prodirej
999 3381 1251 3475 interpretatos
1283 3383 1416 3478 parietes
1442 3409 1515 3456 ser·

583 3523 740 3572 monem
765 3498 806 3570 de
830 3494 975 3592 norisio
993 3501 1125 3594 Physica
1147 3500 1287 3573 inventis
1308 3499 1406 3574 tacite
1429 3501 1515 3580 inter

571 3669 577 3696 r
607 3643 641 3690 se
654 3617 878 3690 conserebant.
906 3604 1128 3694 erant'omees
1154 3623 1204 3706 (ut
1225 3619 1357 3716 lepide,
1382 3621 1441 3695 sed
1456 3650 1517 3696 ue-

603 3736 732 3840 rissime
753 3736 975 3810 animadvertit
1000 3737 1188 3836 ingeniosus
1211 3740 1343 3837 quidam
1369 3738 1515 3833 Auctor)

582 3905 591 3932 -,
605 3854 639 3928 in
653 3863 796 3928 cartacea
810 3882 880 3930 casa
897 3858 1035 3942 occlusi,
1058 3874 1155 3955 atque
1168 3858 1309 3942 detenti,
1334 3858 1414 3956 quin
1429 3863 1518 3936 ullus

603 3975 739 4048 auderet
763 3996 859 4071 caput
871 3976 1027 4048 extollens
1041 3968 1201 4051 fornicem
1223 3981 1520 4076 pappmceumdis·

607 4117 775 4188 rumpere.
810 4094 976 4167 Cartesius
1000 4096 1231 4193 elegantissima
1261 4123 1316 4170 sua
1336 4097 1454 4193 fabella
1470 4101 1520 4172 -id

583 4260 587 4272 ·
607 4211 783 4312 praestitit:
808 4239 1015 4314 omnesque,
1037 4214 1144 4292 missis
1161 4196 1434 4301 schousis‘omn
1451 4243 1521 4303 uu·
