<?xml version="1.0" encoding="UTF-8"?>
<!DOCTYPE html PUBLIC "-//W3C//DTD XHTML 1.0 Transitional//EN"
    "http://www.w3.org/TR/xhtml1/DTD/xhtml1-transitional.dtd">
<html xmlns="http://www.w3.org/1999/xhtml" xml:lang="en" lang="en">
 <head>
  <title>
</title>
<meta http-equiv="Content-Type" content="text/html;charset=utf-8" />
  <meta name='ocr-system' content='tesseract 3.04.00' />
  <meta name='ocr-capabilities' content='ocr_page ocr_carea ocr_par ocr_line ocrx_word'/>
</head>
<body>
  <div class='ocr_page' id='page_1' title='image "./physicaeexperim00torigoog_0079.png"; bbox 0 0 3542 5309; ppageno 0'>
   <div class='ocr_carea' id='block_1_1' title="bbox 223 654 1188 4045">
    <p class='ocr_par' dir='ltr' id='par_1_1' title="bbox 223 654 1184 1545">
     <span class='ocr_line' id='line_1_1' title="bbox 1004 654 1184 723; baseline 0.017 -2"><span class='ocrx_word' id='word_1_1' title='bbox 1004 654 1093 723; x_wconf 78' lang='lat' dir='ltr'>LXV</span> <span class='ocrx_word' id='word_1_2' title='bbox 1182 676 1184 681; x_wconf 89' lang='lat'>·</span> 
     </span>
     <span class='ocr_line' id='line_1_2' title="bbox 223 729 1137 854; baseline 0.007 -31"><span class='ocrx_word' id='word_1_3' title='bbox 223 754 275 827; x_wconf 89' lang='lat' dir='ltr'>sed</span> <span class='ocrx_word' id='word_1_4' title='bbox 298 729 460 829; x_wconf 66' lang='lat' dir='ltr'>meldicae</span> <span class='ocrx_word' id='word_1_5' title='bbox 484 757 764 841; x_wconf 61' lang='lat' dir='ltr'>convexitatisaa</span> <span class='ocrx_word' id='word_1_6' title='bbox 789 775 916 854; x_wconf 84' lang='lat' dir='ltr'>puncto</span> <span class='ocrx_word' id='word_1_7' title='bbox 943 778 1137 841; x_wconf 88' lang='lat' dir='ltr'>contactus,</span> 
     </span>
     <span class='ocr_line' id='line_1_3' title="bbox 225 876 1136 976; baseline 0.004 -31"><span class='ocrx_word' id='word_1_8' title='bbox 225 876 269 945; x_wconf 90' lang='lat' dir='ltr'>ubi</span> <span class='ocrx_word' id='word_1_9' title='bbox 291 878 427 945; x_wconf 86' lang='lat' dir='ltr'>macula</span> <span class='ocrx_word' id='word_1_10' title='bbox 449 876 627 976; x_wconf 43' lang='lat' dir='ltr'>,existebat</span> <span class='ocrx_word' id='word_1_11' title='bbox 662 877 783 974; x_wconf 86' lang='lat' dir='ltr'>nigra.</span> <span class='ocrx_word' id='word_1_12' title='bbox 818 895 953 949; x_wconf 85' lang='lat' dir='ltr'>stratum</span> <span class='ocrx_word' id='word_1_13' title='bbox 991 900 1136 973; x_wconf 80' lang='lat' dir='ltr'>aqueum</span> 
     </span>
     <span class='ocr_line' id='line_1_4' title="bbox 228 992 1139 1091; baseline 0 -28"><span class='ocrx_word' id='word_1_14' title='bbox 228 992 455 1089; x_wconf 83' lang='lat' dir='ltr'>interpositum</span> <span class='ocrx_word' id='word_1_15' title='bbox 478 996 612 1082; x_wconf 77' lang='lat' dir='ltr'>crassius</span> <span class='ocrx_word' id='word_1_16' title='bbox 637 998 799 1076; x_wconf 77' lang='lat' dir='ltr'>evadebat</span> <span class='ocrx_word' id='word_1_17' title='bbox 835 1020 937 1091; x_wconf 86' lang='lat' dir='ltr'>usque</span> <span class='ocrx_word' id='word_1_18' title='bbox 976 995 1018 1065; x_wconf 90' lang='lat' dir='ltr'>ad</span> <span class='ocrx_word' id='word_1_19' title='bbox 1052 994 1139 1089; x_wconf 64' lang='lat' dir='ltr'>peria</span> 
     </span>
     <span class='ocr_line' id='line_1_5' title="bbox 228 1112 1136 1208; baseline 0.007 -28"><span class='ocrx_word' id='word_1_20' title='bbox 228 1112 384 1206; x_wconf 83' lang='lat' dir='ltr'>pheriam3</span> <span class='ocrx_word' id='word_1_21' title='bbox 407 1112 587 1208; x_wconf 73' lang='lat' dir='ltr'>inspiciens</span> <span class='ocrx_word' id='word_1_22' title='bbox 604 1134 720 1188; x_wconf 85' lang='lat' dir='ltr'>autem</span> <span class='ocrx_word' id='word_1_23' title='bbox 745 1114 828 1187; x_wconf 71' lang='lat' dir='ltr'>vidit</span> <span class='ocrx_word' id='word_1_24' title='bbox 860 1114 1003 1187; x_wconf 81' lang='lat' dir='ltr'>circulos</span> <span class='ocrx_word' id='word_1_25' title='bbox 1039 1114 1136 1186; x_wconf 84' lang='lat' dir='ltr'>colo·</span> 
     </span>
     <span class='ocr_line' id='line_1_6' title="bbox 229 1231 1134 1329; baseline 0.007 -30"><span class='ocrx_word' id='word_1_26' title='bbox 229 1250 300 1303; x_wconf 89' lang='lat' dir='ltr'>tatus</span> <span class='ocrx_word' id='word_1_27' title='bbox 322 1231 414 1303; x_wconf 87' lang='lat' dir='ltr'>circa</span> <span class='ocrx_word' id='word_1_28' title='bbox 436 1252 599 1325; x_wconf 71' lang='lat' dir='ltr'>punctum</span> <span class='ocrx_word' id='word_1_29' title='bbox 623 1253 822 1316; x_wconf 82' lang='lat' dir='ltr'>contactus,</span> <span class='ocrx_word' id='word_1_30' title='bbox 844 1253 879 1303; x_wconf 86' lang='lat' dir='ltr'>ct</span> <span class='ocrx_word' id='word_1_31' title='bbox 904 1233 1015 1329; x_wconf 84' lang='lat' dir='ltr'>regula</span> <span class='ocrx_word' id='word_1_32' title='bbox 1051 1257 1134 1329; x_wconf 83' lang='lat' dir='ltr'>geo·</span> 
     </span>
     <span class='ocr_line' id='line_1_7' title="bbox 230 1329 1148 1448; baseline 0.004 -29"><span class='ocrx_word' id='word_1_33' title='bbox 230 1348 350 1421; x_wconf 75' lang='lat' dir='ltr'>nemea</span> <span class='ocrx_word' id='word_1_34' title='bbox 375 1350 558 1422; x_wconf 79' lang='lat' dir='ltr'>crassitiem</span> <span class='ocrx_word' id='word_1_35' title='bbox 583 1347 758 1425; x_wconf 81' lang='lat' dir='ltr'>definiebat</span> <span class='ocrx_word' id='word_1_36' title='bbox 782 1350 919 1448; x_wconf 89' lang='lat' dir='ltr'>partium</span> <span class='ocrx_word' id='word_1_37' title='bbox 961 1348 1051 1423; x_wconf 87' lang='lat' dir='ltr'>datos</span> <span class='ocrx_word' id='word_1_38' title='bbox 1076 1329 1148 1423; x_wconf 31' lang='lat' dir='ltr'>coo*</span> 
     </span>
     <span class='ocr_line' id='line_1_8' title="bbox 229 1464 658 1545; baseline 0 -8"><span class='ocrx_word' id='word_1_39' title='bbox 229 1470 300 1541; x_wconf 90' lang='lat' dir='ltr'>lores</span> <span class='ocrx_word' id='word_1_40' title='bbox 324 1464 581 1545; x_wconf 77' lang='lat' dir='ltr'>reflectentium.</span> <span class='ocrx_word' id='word_1_41' title='bbox 651 1532 658 1537; x_wconf 91' lang='lat'>.</span> 
     </span>
    </p>

    <p class='ocr_par' dir='ltr' id='par_1_2' title="bbox 234 1585 1188 4045">
     <span class='ocr_line' id='line_1_9' title="bbox 300 1585 1131 1685; baseline 0.006 -29"><span class='ocrx_word' id='word_1_42' title='bbox 300 1585 462 1661; x_wconf 70' lang='lat' dir='ltr'>Similiter</span> <span class='ocrx_word' id='word_1_43' title='bbox 497 1586 631 1663; x_wconf 83' lang='lat' dir='ltr'>divertis</span> <span class='ocrx_word' id='word_1_44' title='bbox 669 1586 940 1685; x_wconf 79' lang='lat' dir='ltr'>primigeniorum</span> <span class='ocrx_word' id='word_1_45' title='bbox 978 1589 1131 1661; x_wconf 79' lang='lat' dir='ltr'>colorum</span> 
     </span>
     <span class='ocr_line' id='line_1_10' title="bbox 235 1703 1134 1816; baseline 0.002 -41"><span class='ocrx_word' id='word_1_46' title='bbox 235 1703 460 1790; x_wconf 84' lang='lat' dir='ltr'>mixtionibus,</span> <span class='ocrx_word' id='word_1_47' title='bbox 495 1728 530 1816; x_wconf 72' lang='lat' dir='ltr'>et</span> <span class='ocrx_word' id='word_1_48' title='bbox 561 1708 644 1804; x_wconf 82' lang='lat' dir='ltr'>alios</span> <span class='ocrx_word' id='word_1_49' title='bbox 667 1705 877 1781; x_wconf 83' lang='lat' dir='ltr'>intermedius</span> <span class='ocrx_word' id='word_1_50' title='bbox 897 1707 1134 1803; x_wconf 67' lang='lat' dir='ltr'>componebat</span> 
     </span>
     <span class='ocr_line' id='line_1_11' title="bbox 235 1824 1131 1923; baseline 0.002 -28"><span class='ocrx_word' id='word_1_51' title='bbox 235 1825 374 1907; x_wconf 82' lang='lat' dir='ltr'>colotes,</span> <span class='ocrx_word' id='word_1_52' title='bbox 401 1825 609 1923; x_wconf 81' lang='lat' dir='ltr'>diversasque</span> <span class='ocrx_word' id='word_1_53' title='bbox 633 1824 730 1897; x_wconf 83' lang='lat' dir='ltr'>etiarn</span> <span class='ocrx_word' id='word_1_54' title='bbox 754 1824 902 1918; x_wconf 76' lang='lat' dir='ltr'>ejusdem</span> <span class='ocrx_word' id='word_1_55' title='bbox 926 1826 993 1897; x_wconf 87' lang='lat' dir='ltr'>dati</span> <span class='ocrx_word' id='word_1_56' title='bbox 1017 1825 1131 1919; x_wconf 88' lang='lat' dir='ltr'>primi·</span> 
     </span>
     <span class='ocr_line' id='line_1_12' title="bbox 234 1943 1127 2041; baseline 0 -30"><span class='ocrx_word' id='word_1_57' title='bbox 234 1943 308 2035; x_wconf 82' lang='lat' dir='ltr'>genii</span> <span class='ocrx_word' id='word_1_58' title='bbox 331 1943 459 2015; x_wconf 88' lang='lat' dir='ltr'>colotis</span> <span class='ocrx_word' id='word_1_59' title='bbox 482 1944 703 2041; x_wconf 56' lang='lat' dir='ltr'>gradationes*</span> <span class='ocrx_word' id='word_1_60' title='bbox 733 1948 903 2017; x_wconf 80' lang='lat' dir='ltr'>Praetereo</span> <span class='ocrx_word' id='word_1_61' title='bbox 929 1944 1127 2025; x_wconf 80' lang='lat' dir='ltr'>innumera,</span> 
     </span>
     <span class='ocr_line' id='line_1_13' title="bbox 235 2060 1130 2159; baseline 0.003 -29"><span class='ocrx_word' id='word_1_62' title='bbox 235 2087 303 2156; x_wconf 87' lang='lat' dir='ltr'>quae</span> <span class='ocrx_word' id='word_1_63' title='bbox 324 2063 396 2145; x_wconf 19' lang='lat' dir='ltr'>huc*</span> <span class='ocrx_word' id='word_1_64' title='bbox 414 2061 494 2135; x_wconf 88' lang='lat' dir='ltr'>illuc</span> <span class='ocrx_word' id='word_1_65' title='bbox 518 2063 702 2158; x_wconf 57' lang='lat' dir='ltr'>praesertim</span> <span class='ocrx_word' id='word_1_66' title='bbox 726 2063 760 2135; x_wconf 88' lang='lat' dir='ltr'>in</span> <span class='ocrx_word' id='word_1_67' title='bbox 773 2062 902 2159; x_wconf 85' lang='lat' dir='ltr'>Opticis</span> <span class='ocrx_word' id='word_1_68' title='bbox 915 2060 1130 2155; x_wconf 81' lang='lat' dir='ltr'>Quaestioni·</span> 
     </span>
     <span class='ocr_line' id='line_1_14' title="bbox 236 2179 1128 2280; baseline 0.009 -33"><span class='ocrx_word' id='word_1_69' title='bbox 236 2179 282 2249; x_wconf 90' lang='lat' dir='ltr'>bus</span> <span class='ocrx_word' id='word_1_70' title='bbox 307 2180 347 2251; x_wconf 91' lang='lat' dir='ltr'>ad</span> <span class='ocrx_word' id='word_1_71' title='bbox 370 2181 477 2274; x_wconf 81' lang='lat' dir='ltr'>majus</span> <span class='ocrx_word' id='word_1_72' title='bbox 499 2182 647 2280; x_wconf 74' lang='lat' dir='ltr'>physicae</span> <span class='ocrx_word' id='word_1_73' title='bbox 664 2182 901 2255; x_wconf 88' lang='lat' dir='ltr'>incrementum</span> <span class='ocrx_word' id='word_1_74' title='bbox 926 2182 1128 2255; x_wconf 87' lang='lat' dir='ltr'>disseminata</span> 
     </span>
     <span class='ocr_line' id='line_1_15' title="bbox 236 2278 1131 2399; baseline 0.008 -33"><span class='ocrx_word' id='word_1_75' title='bbox 236 2296 453 2383; x_wconf 72' lang='lat' dir='ltr'>inveniuntur:</span> <span class='ocrx_word' id='word_1_76' title='bbox 476 2278 558 2399; x_wconf 69' lang='lat' dir='ltr'>ortae</span> <span class='ocrx_word' id='word_1_77' title='bbox 577 2301 640 2375; x_wconf 83' lang='lat' dir='ltr'>etsi</span> <span class='ocrx_word' id='word_1_78' title='bbox 660 2301 703 2383; x_wconf 78' lang='lat' dir='ltr'>ab</span> <span class='ocrx_word' id='word_1_79' title='bbox 720 2303 868 2377; x_wconf 78' lang='lat' dir='ltr'>Auctore</span> <span class='ocrx_word' id='word_1_80' title='bbox 892 2320 1059 2399; x_wconf 82' lang='lat' dir='ltr'>tamquam</span> <span class='ocrx_word' id='word_1_81' title='bbox 1078 2326 1131 2374; x_wconf 91' lang='lat' dir='ltr'>su·</span> 
     </span>
     <span class='ocr_line' id='line_1_16' title="bbox 238 2410 1129 2517; baseline 0.006 -31"><span class='ocrx_word' id='word_1_82' title='bbox 238 2417 405 2511; x_wconf 58' lang='lat' dir='ltr'>epulones,</span> <span class='ocrx_word' id='word_1_83' title='bbox 431 2439 467 2497; x_wconf 78' lang='lat' dir='ltr'>er</span> <span class='ocrx_word' id='word_1_84' title='bbox 488 2421 695 2515; x_wconf 78' lang='lat' dir='ltr'>conjecturae</span> <span class='ocrx_word' id='word_1_85' title='bbox 720 2420 888 2517; x_wconf 83' lang='lat' dir='ltr'>proposita</span> <span class='ocrx_word' id='word_1_86' title='bbox 910 2410 1129 2508; x_wconf 80' lang='lat' dir='ltr'>fuerinr3De·</span> 
     </span>
     <span class='ocr_line' id='line_1_17' title="bbox 239 2520 1143 2631; baseline 0.004 -29"><span class='ocrx_word' id='word_1_87' title='bbox 239 2536 396 2631; x_wconf 72' lang='lat' dir='ltr'>tegularias</span> <span class='ocrx_word' id='word_1_88' title='bbox 440 2556 547 2611; x_wconf 89' lang='lat' dir='ltr'>tamen</span> <span class='ocrx_word' id='word_1_89' title='bbox 603 2558 638 2613; x_wconf 86' lang='lat' dir='ltr'>et</span> <span class='ocrx_word' id='word_1_90' title='bbox 674 2542 822 2611; x_wconf 85' lang='lat' dir='ltr'>Halesius</span> <span class='ocrx_word' id='word_1_91' title='bbox 858 2539 998 2615; x_wconf 80' lang='lat' dir='ltr'>fatentur</span> <span class='ocrx_word' id='word_1_92' title='bbox 1022 2520 1143 2611; x_wconf 61' lang='lat' dir='ltr'>fernm&#39;</span> 
     </span>
     <span class='ocr_line' id='line_1_18' title="bbox 242 2654 1125 2791; baseline 0.005 -68"><span class='ocrx_word' id='word_1_93' title='bbox 242 2654 337 2727; x_wconf 89' lang='lat' dir='ltr'>omnia</span> <span class='ocrx_word' id='word_1_94' title='bbox 370 2657 539 2743; x_wconf 78' lang='lat' dir='ltr'>veritatem</span> <span class='ocrx_word' id='word_1_95' title='bbox 561 2656 732 2791; x_wconf 81' lang='lat' dir='ltr'>physicam</span> <span class='ocrx_word' id='word_1_96' title='bbox 757 2658 886 2742; x_wconf 74' lang='lat' dir='ltr'>habere</span> <span class='ocrx_word' id='word_1_97' title='bbox 920 2656 1125 2748; x_wconf 76' lang='lat' dir='ltr'>adiunctam</span> 
     </span>
     <span class='ocr_line' id='line_1_19' title="bbox 239 2740 1130 2871; baseline 0.002 -30"><span class='ocrx_word' id='word_1_98' title='bbox 239 2774 341 2871; x_wconf 85' lang='lat' dir='ltr'>Neque</span> <span class='ocrx_word' id='word_1_99' title='bbox 363 2770 462 2856; x_wconf 82' lang='lat' dir='ltr'>mihi</span> <span class='ocrx_word' id='word_1_100' title='bbox 471 2740 649 2871; x_wconf 67' lang='lat' dir='ltr'>temperari</span> <span class='ocrx_word' id='word_1_101' title='bbox 673 2796 835 2871; x_wconf 86' lang='lat' dir='ltr'>possum,</span> <span class='ocrx_word' id='word_1_102' title='bbox 869 2773 951 2871; x_wconf 87' lang='lat' dir='ltr'>quin</span> <span class='ocrx_word' id='word_1_103' title='bbox 984 2796 1130 2851; x_wconf 84' lang='lat' dir='ltr'>comme·</span> 
     </span>
     <span class='ocr_line' id='line_1_20' title="bbox 241 2890 1178 2989; baseline 0.005 -29"><span class='ocrx_word' id='word_1_104' title='bbox 241 2916 355 2963; x_wconf 85' lang='lat' dir='ltr'>morem</span> <span class='ocrx_word' id='word_1_105' title='bbox 413 2895 483 2966; x_wconf 87' lang='lat' dir='ltr'>vim</span> <span class='ocrx_word' id='word_1_106' title='bbox 537 2899 751 2972; x_wconf 81' lang='lat' dir='ltr'>attrahentem</span> <span class='ocrx_word' id='word_1_107' title='bbox 818 2890 957 2989; x_wconf 82' lang='lat' dir='ltr'>partium</span> <span class='ocrx_word' id='word_1_108' title='bbox 1007 2915 1132 2987; x_wconf 82' lang='lat' dir='ltr'>corpo·</span> <span class='ocrx_word' id='word_1_109' title='bbox 1175 2957 1178 2965; x_wconf 80' lang='grc'>,</span> 
     </span>
     <span class='ocr_line' id='line_1_21' title="bbox 242 2994 1131 3111; baseline 0.006 -33"><span class='ocrx_word' id='word_1_110' title='bbox 242 2994 358 3081; x_wconf 87' lang='lat' dir='ltr'>reatum</span> <span class='ocrx_word' id='word_1_111' title='bbox 388 3014 586 3097; x_wconf 83' lang='lat' dir='ltr'>molernlas,</span> <span class='ocrx_word' id='word_1_112' title='bbox 633 3039 697 3111; x_wconf 87' lang='lat' dir='ltr'>qua</span> <span class='ocrx_word' id='word_1_113' title='bbox 735 3034 915 3111; x_wconf 77' lang='lat' dir='ltr'>corporum</span> <span class='ocrx_word' id='word_1_114' title='bbox 952 3011 1131 3095; x_wconf 79' lang='lat' dir='ltr'>cohaesio,</span> 
     </span>
     <span class='ocr_line' id='line_1_22' title="bbox 239 3117 1130 3226; baseline 0.008 -22"><span class='ocrx_word' id='word_1_115' title='bbox 239 3146 267 3197; x_wconf 89' lang='lat' dir='ltr'>ct</span> <span class='ocrx_word' id='word_1_116' title='bbox 287 3117 505 3223; x_wconf 83' lang='lat' dir='ltr'>phaenomena</span> <span class='ocrx_word' id='word_1_117' title='bbox 542 3132 583 3205; x_wconf 85' lang='lat' dir='ltr'>ad</span> <span class='ocrx_word' id='word_1_118' title='bbox 616 3157 799 3226; x_wconf 85' lang='lat' dir='ltr'>corporum</span> <span class='ocrx_word' id='word_1_119' title='bbox 835 3128 1130 3211; x_wconf 76' lang='lat' dir='ltr'>conformationem</span> 
     </span>
     <span class='ocr_line' id='line_1_23' title="bbox 243 3250 1131 3335; baseline 0.007 -20"><span class='ocrx_word' id='word_1_120' title='bbox 243 3263 294 3315; x_wconf 86' lang='grc' dir='ltr'>ιιιι</span> <span class='ocrx_word' id='word_1_121' title='bbox 315 3250 395 3325; x_wconf 81' lang='lat' dir='ltr'>belle</span> <span class='ocrx_word' id='word_1_122' title='bbox 419 3252 623 3335; x_wconf 83' lang='lat' dir='ltr'>derivantur,</span> <span class='ocrx_word' id='word_1_123' title='bbox 653 3272 688 3327; x_wconf 86' lang='lat' dir='ltr'>ut</span> <span class='ocrx_word' id='word_1_124' title='bbox 712 3275 859 3324; x_wconf 84' lang='lat' dir='ltr'>summus</span> <span class='ocrx_word' id='word_1_125' title='bbox 881 3250 1050 3325; x_wconf 82' lang='lat' dir='ltr'>Buffonius</span> <span class='ocrx_word' id='word_1_126' title='bbox 1074 3276 1131 3323; x_wconf 84' lang='lat' dir='ltr'>ex·</span> 
     </span>
     <span class='ocr_line' id='line_1_24' title="bbox 242 3365 1182 3453; baseline 0.009 -19"><span class='ocrx_word' id='word_1_127' title='bbox 242 3365 430 3442; x_wconf 77' lang='lat' dir='ltr'>clamaverit:</span> <span class='ocrx_word' id='word_1_128' title='bbox 456 3373 513 3441; x_wconf 90' lang='lat' dir='ltr'>Oh</span> <span class='ocrx_word' id='word_1_129' title='bbox 538 3370 714 3443; x_wconf 84' lang='lat' dir='ltr'>mirandam</span> <span class='ocrx_word' id='word_1_130' title='bbox 726 3372 883 3442; x_wconf 86' lang='lat' dir='ltr'>Naturam</span> <span class='ocrx_word' id='word_1_131' title='bbox 892 3372 976 3443; x_wconf 87' lang='lat' dir='ltr'>adeo</span> <span class='ocrx_word' id='word_1_132' title='bbox 998 3368 1131 3453; x_wconf 79' lang='lat' dir='ltr'>variam,</span> <span class='ocrx_word' id='word_1_133' title='bbox 1177 3404 1182 3417; x_wconf 93' lang='lat'><strong>·</strong></span> 
     </span>
     <span class='ocr_line' id='line_1_25' title="bbox 244 3480 1129 3576; baseline 0.012 -26"><span class='ocrx_word' id='word_1_134' title='bbox 244 3480 534 3565; x_wconf 59' lang='lat' dir='ltr'>succrescentia</span> <span class='ocrx_word' id='word_1_135' title='bbox 558 3487 622 3561; x_wconf 86' lang='lat' dir='ltr'>suis</span> <span class='ocrx_word' id='word_1_136' title='bbox 646 3488 794 3576; x_wconf 80' lang='lat' dir='ltr'>effectis3</span> <span class='ocrx_word' id='word_1_137' title='bbox 818 3510 851 3561; x_wconf 93' lang='lat' dir='ltr'>et</span> <span class='ocrx_word' id='word_1_138' title='bbox 877 3487 910 3559; x_wconf 84' lang='lat' dir='ltr'>ia</span> <span class='ocrx_word' id='word_1_139' title='bbox 934 3487 1063 3569; x_wconf 88' lang='lat' dir='ltr'>mediis,</span> <span class='ocrx_word' id='word_1_140' title='bbox 1079 3488 1129 3561; x_wconf 85' lang='lat' dir='ltr'>in·</span> 
     </span>
     <span class='ocr_line' id='line_1_26' title="bbox 245 3606 1129 3710; baseline 0.009 -39"><span class='ocrx_word' id='word_1_141' title='bbox 245 3606 497 3710; x_wconf 76' lang='lat' dir='ltr'>stramentisque,</span> <span class='ocrx_word' id='word_1_142' title='bbox 521 3608 637 3706; x_wconf 89' lang='lat' dir='ltr'>quibus</span> <span class='ocrx_word' id='word_1_143' title='bbox 662 3607 763 3679; x_wconf 88' lang='lat' dir='ltr'>utitur</span> <span class='ocrx_word' id='word_1_144' title='bbox 787 3608 829 3679; x_wconf 88' lang='lat' dir='ltr'>ad</span> <span class='ocrx_word' id='word_1_145' title='bbox 858 3632 896 3685; x_wconf 80' lang='lat' dir='ltr'>aa</span> <span class='ocrx_word' id='word_1_146' title='bbox 920 3607 1129 3702; x_wconf 83' lang='lat' dir='ltr'>producenda</span> 
     </span>
     <span class='ocr_line' id='line_1_27' title="bbox 244 3718 1129 3823; baseline 0.002 -28"><span class='ocrx_word' id='word_1_147' title='bbox 244 3718 313 3805; x_wconf 73' lang='lat' dir='ltr'>aleo</span> <span class='ocrx_word' id='word_1_148' title='bbox 333 3736 485 3823; x_wconf 75' lang='lat' dir='ltr'>parcam!</span> <span class='ocrx_word' id='word_1_149' title='bbox 508 3730 631 3801; x_wconf 82' lang='lat' dir='ltr'>Natura</span> <span class='ocrx_word' id='word_1_150' title='bbox 653 3726 743 3799; x_wconf 83' lang='lat' dir='ltr'>enim</span> <span class='ocrx_word' id='word_1_151' title='bbox 766 3724 903 3802; x_wconf 76' lang='lat' dir='ltr'>eandem</span> <span class='ocrx_word' id='word_1_152' title='bbox 928 3725 1023 3809; x_wconf 86' lang='lat' dir='ltr'>vim,</span> <span class='ocrx_word' id='word_1_153' title='bbox 1066 3751 1129 3820; x_wconf 88' lang='lat' dir='ltr'>qua</span> 
     </span>
     <span class='ocr_line' id='line_1_28' title="bbox 246 3842 1188 3944; baseline 0 -31"><span class='ocrx_word' id='word_1_154' title='bbox 246 3860 297 3909; x_wconf 81' lang='lat' dir='ltr'>uua</span> <span class='ocrx_word' id='word_1_155' title='bbox 316 3846 487 3929; x_wconf 80' lang='lat' dir='ltr'>continet,</span> <span class='ocrx_word' id='word_1_156' title='bbox 510 3873 548 3920; x_wconf 89' lang='lat' dir='ltr'>ac</span> <span class='ocrx_word' id='word_1_157' title='bbox 573 3846 657 3943; x_wconf 82' lang='lat' dir='ltr'>regit</span> <span class='ocrx_word' id='word_1_158' title='bbox 682 3848 869 3944; x_wconf 81' lang='lat' dir='ltr'>universum</span> <span class='ocrx_word' id='word_1_159' title='bbox 895 3842 1054 3917; x_wconf 87' lang='lat' dir='ltr'>mundiale</span> <span class='ocrx_word' id='word_1_160' title='bbox 1079 3868 1131 3937; x_wconf 80' lang='lat' dir='ltr'>sy·</span> <span class='ocrx_word' id='word_1_161' title='bbox 1185 3857 1188 3864; x_wconf 84' lang='lat'>&#39;</span> 
     </span>
     <span class='ocr_line' id='line_1_29' title="bbox 247 3962 1132 4045; baseline 0.009 -18"><span class='ocrx_word' id='word_1_162' title='bbox 247 3973 353 4045; x_wconf 83' lang='lat' dir='ltr'>suma,</span> <span class='ocrx_word' id='word_1_163' title='bbox 388 3962 423 4034; x_wconf 83' lang='lat' dir='ltr'>in</span> <span class='ocrx_word' id='word_1_164' title='bbox 454 3988 551 4039; x_wconf 83' lang='lat' dir='ltr'>usum</span> <span class='ocrx_word' id='word_1_165' title='bbox 587 3985 681 4041; x_wconf 78' lang='lat' dir='ltr'>secat</span> <span class='ocrx_word' id='word_1_166' title='bbox 703 3966 745 4038; x_wconf 82' lang='lat' dir='ltr'>ad</span> <span class='ocrx_word' id='word_1_167' title='bbox 769 3962 881 4038; x_wconf 88' lang='lat' dir='ltr'>omnia</span> <span class='ocrx_word' id='word_1_168' title='bbox 912 3962 1132 4045; x_wconf 84' lang='lat' dir='ltr'>absolvenda,</span> 
     </span>
    </p>
   </div>
   <div class='ocr_carea' id='block_1_2' title="bbox 247 4075 1135 4275">
    <p class='ocr_par' dir='ltr' id='par_1_3' title="bbox 247 4075 1135 4275">
     <span class='ocr_line' id='line_1_30' title="bbox 247 4075 1135 4205; baseline 0.017 -53"><span class='ocrx_word' id='word_1_169' title='bbox 247 4096 316 4205; x_wconf 59' lang='lat' dir='ltr'>qtae</span> <span class='ocrx_word' id='word_1_170' title='bbox 335 4080 370 4178; x_wconf 82' lang='lat' dir='ltr'>in</span> <span class='ocrx_word' id='word_1_171' title='bbox 390 4083 524 4157; x_wconf 78' lang='lat' dir='ltr'>Tellure</span> <span class='ocrx_word' id='word_1_172' title='bbox 540 4103 598 4159; x_wconf 86' lang='lat' dir='ltr'>tot</span> <span class='ocrx_word' id='word_1_173' title='bbox 629 4084 797 4185; x_wconf 77' lang='lat' dir='ltr'>perpetuis</span> <span class='ocrx_word' id='word_1_174' title='bbox 818 4082 1047 4189; x_wconf 65' lang='lat' dir='ltr'>nualmlbus</span> <span class='ocrx_word' id='word_1_175' title='bbox 1064 4075 1135 4161; x_wconf 69' lang='lat' dir='ltr'>effi·</span> 
     </span>
     <span class='ocr_line' id='line_1_31' title="bbox 250 4215 371 4275; baseline 0.099 -12"><span class='ocrx_word' id='word_1_176' title='bbox 250 4215 371 4275; x_wconf 84' lang='grc' dir='ltr'>ιιιιιιιιι.</span> 
     </span>
    </p>
   </div>
   <div class='ocr_carea' id='block_1_3' title="bbox 316 4298 778 4437">
    <p class='ocr_par' dir='ltr' id='par_1_4' title="bbox 316 4298 778 4437">
     <span class='ocr_line' id='line_1_32' title="bbox 316 4298 778 4437; baseline -0.009 -22"><span class='ocrx_word' id='word_1_177' title='bbox 316 4309 419 4437; x_wconf 57' lang='lat' dir='ltr'>{lfa</span> <span class='ocrx_word' id='word_1_178' title='bbox 444 4309 571 4418; x_wconf 60' lang='lat' dir='ltr'>etym</span> <span class='ocrx_word' id='word_1_179' title='bbox 706 4298 778 4411; x_wconf 56' lang='lat' dir='ltr'>*a</span> 
     </span>
    </p>
   </div>
   <div class='ocr_carea' id='block_1_4' title="bbox 0 0 1801 5309">
    <p class='ocr_par' dir='ltr' id='par_1_5' title="bbox 0 0 1801 5309">
     <span class='ocr_line' id='line_1_33' title="bbox 0 0 1801 5309; baseline 0 0"><span class='ocrx_word' id='word_1_180' title='bbox 0 0 1801 5309; x_wconf 95' lang='lat' dir='ltr'> </span> 
     </span>
    </p>
   </div>
  </div>
 </body>
</html>
