3542 5309
972 678 1106 753 axxxt

293 781 457 857 infinitus
481 809 584 862 essem
609 779 634 857 si
661 765 747 868 alia,
773 803 871 883 atque
895 784 954 857 alia
977 787 1159 883 congerere

231 904 365 977 vellem
393 905 541 999 exempla
567 904 607 983 ad
632 902 727 996 hujus
753 910 881 1003 regulae
894 904 1156 999 explicationem.

234 1024 358 1117 Quod
388 1044 511 1101 certum
538 1045 585 1093 est
609 1021 735 1118 objecta
759 1050 826 1097 non
852 1049 941 1107 uno,
971 1024 1021 1094 vel
1057 1028 1159 1097 altero

233 1170 337 1218 sensu
352 1195 368 1226 ,
396 1142 454 1213 sed
478 1140 657 1228 omnibus,
685 1143 711 1213 si
735 1166 820 1239 opus
856 1142 921 1225 sit,
962 1142 1158 1239 exploranda

237 1282 341 1333 sunt:
371 1261 554 1357 sensusque
571 1262 635 1333 sani
652 1261 749 1343 sint,
778 1283 813 1333 er
827 1258 983 1332 ¹ualentes
1008 1281 1156 1356 oportet,

238 1400 271 1449 et
298 1380 423 1474 omnia
447 1401 679 1454 removeantur
702 1405 785 1480 quae
811 1381 967 1463 obstant,
992 1398 1026 1450 et
1051 1380 1156 1478 impe·

238 1499 339 1569 diunt
351 1528 366 1571 r:
400 1498 509 1595 itaque
533 1499 699 1578 etlumen
723 1498 835 1571 mutari
860 1524 956 1594 saepe
981 1497 1153 1588 volutatus,

238 1639 270 1689 et
295 1618 384 1689 situs
407 1642 517 1687 earum
543 1642 679 1701 rerum,
704 1643 784 1718 quus
808 1617 999 1702 intuemur,
1040 1638 1074 1689 et
1099 1616 1149 1691 in·

238 1736 383 1808 rervalla
408 1754 464 1806 aut
486 1736 730 1820 contrahimus,
754 1756 808 1807 aut
833 1736 1049 1822 deducimus,
1067 1740 1152 1809 mul·

244 1875 345 1953 taque
372 1854 509 1937 facimus
533 1881 637 1951 usque
661 1881 728 1939 eo,
753 1856 831 1931 dum
855 1876 1003 1951 aspectus
1021 1854 1090 1953 ipse
1115 1854 1154 1927 fi·

244 1972 321 2043 dem
348 1974 444 2048 faciat
468 1975 516 2047 sui
542 1974 673 2065 judicii:
708 1976 927 2047 instrumentis
951 1974 1046 2044 etiam
1081 1998 1154 2050 sen·

243 2119 343 2164 suum
368 2094 436 2173 uim
460 2094 659 2191 quandoque
684 2119 768 2189 optas
790 2115 840 2182 est
856 2090 1032 2189 adaugere,
1057 2114 1153 2191 atque

247 2231 370 2288 nostras
395 2212 551 2290 conferre
576 2212 842 2297 observationes,
867 2212 920 2293 vel
945 2212 1079 2311 quarab
1097 2236 1154 2283 ex·

246 2329 433 2424 perimentis
464 2329 644 2408 derivamus
668 2358 745 2405 cum
769 2332 836 2414 iis,
860 2356 943 2429 quae
967 2330 1019 2403 alii
1045 2331 1079 2403 in
1097 2332 1153 2405 iis-

250 2448 322 2521 dem
348 2448 507 2543 adjunctis
531 2451 754 2548 collegerunth
784 2448 840 2521 ubi
854 2451 880 2521 si
897 2452 1048 2525 habeatur
1063 2476 1148 2525 con·

248 2592 356 2640 sensus
381 2570 429 2640 de
449 2568 583 2656 ueritate
615 2568 776 2655 inferenda
817 2567 934 2640 erimus
977 2568 1143 2642 certiores.

247 2686 371 2785 Neque
392 2686 599 2782 objectorum
623 2686 894 2779 explorandorum
937 2686 1153 2783 negligendus

250 2824 296 2876 est
318 2808 411 2886 locus
437 2807 570 2889 natalis,
596 2832 704 2904 neque
730 2802 945 2901 ignorandum
970 2805 1062 2897 cujus
1088 2830 1147 2903 ge·

252 2923 329 2997 ueris
354 2948 492 3020 corpora
519 2952 597 3014 ¹cum
620 2926 685 3004 illis
710 2926 762 2999 vel
798 2923 917 3005 simul,
956 2926 1009 2995 vel
1042 2922 1152 3019 proxi·

253 3067 299 3112 me
322 3063 559 3126 concrescant,
606 3045 632 3115 si
669 3044 807 3117 velimus
836 3024 959 3115 'cotum
1007 3026 1169 3133 narurmn*

251 3162 385 3255 penitius
409 3141 577 3257 vestigare.

306 3278 367 3355 Ast
390 3281 445 3370 liic
465 3280 612 3354 advertas
647 3280 744 3365 velim
770 3279 854 3366 pos,
885 3280 963 3351 dum
989 3282 1152 3375 physicam

252 3397 427 3474 universam
453 3422 530 3471 cum
554 3400 735 3472 Neritono
762 3400 1009 3481 observatione,
1029 3420 1061 3469 er
1084 3426 1142 3470 ex·

253 3518 402 3609 perientia
426 3519 668 3600 concludimus,
694 3520 806 3604 abisac
829 3518 997 3613 disciplina
1009 3518 1152 3605 ,ratioci-

255 3637 412 3709 nationem
438 3638 573 3717 minime
598 3637 752 3723 exulare,
778 3636 1057 3734 quemadmodum
1091 3664 1151 3733 pu-

254 3770 312 3826 rant
335 3755 472 3856 quidam
497 3756 731 3853 imperiri.lpsa
755 3755 842 3829 enim
865 3776 917 3826 ost
943 3757 1150 3851 praecipuum

255 3897 396 3960 sensnum
423 3896 606 3949 nostrornm
631 3876 863 3969 adiumentum.
888 3873 1013 3944 Etenim
1041 3872 1159 3973 singu·¹

253 3987 293 4064 lae
317 3994 450 4066 sensiles
475 3994 684 4092 cognitiones
696 3992 862 4069 scientiam
872 3981 993 4064 nullom
1015 3992 1146 4079 fucimm

256 4112 437 4185 sedentum
463 4114 690 4211 cognitionum
716 4136 842 4197 nexus,
875 4134 909 4184 er
945 4133 1018 4209 apra
1042 4112 1149 4186 'colli-

255 4231 352 4325 gati05
377 4255 474 4327 arque
493 4235 576 4303 hinc
615 4231 862 4317 ratiocinatione
896 4232 1075 4317 mendtun,
1111 4250 1147 4305 ut
1223 4226 1226 4233 ’

341 4340 446 4425 Elim
470 4334 599 4447 Plusru
759 4342 833 4447 to
