3542 5309
517 753 520 758 .
616 711 660 756 22
1180 731 1183 738 ·
1318 751 1325 767 ,

421 814 509 864 uerus
611 807 644 853 2.
669 779 824 873 Ideoque
849 802 971 872 corpur
994 779 1121 852 moveri
1146 779 1312 864 dicimus,
1346 781 1504 878 quando

565 873 749 970 strcceffive
770 894 877 948 mutat
901 873 1091 967 hujufinodi
1120 875 1342 970 positionem
1377 875 1460 950 sive
1488 904 1508 950 e

563 974 645 1047 loco
668 974 712 1046 ad
734 971 850 1046 locum
875 972 977 1042 alium
1002 973 1225 1142 propredirur.

1545 491 1547 553 t

1544 606 1547 699 l

414 1102 530 1170 spartum
617 1095 648 1159 3.
673 1071 757 1162 Quo
783 1069 818 1138 iu
842 1063 1041 1165 progressu,
1074 1076 1233 1165 1'corpus
1256 1069 1425 1142 habeatur
1450 1068 1506 1138 in·
1545 1154 1547 1159 ‚

568 1162 629 1240 siat
662 1165 778 1259 puusii
816 1160 976 1248 fluentis,
1007 1161 1133 1240 lineam
1168 1165 1360 1250 describet,
1393 1163 1507 1256 cujus

566 1265 689 1356 pendia
711 1257 840 1356 singula
852 1257 1053 1354 positionem
1076 1280 1206 1339 mutant
1230 1267 1336 1335 relate
1360 1263 1403 1334 ad
1420 1285 1506 1331 cor·

566 1382 647 1452 pora
666 1357 935 1443 circumstantia3
959 1384 1033 1453 quae
1056 1360 1153 1453 linea
1172 1359 1296 1430 dicitur
1319 1357 1507 1454 spati-uma

440 1515 444 1522 .
567 1479 708 1549 rumore
733 1453 940 1550 percensum,

416 1561 532 1622 ΜΨ
571 1619 576 1626 ,
601 1582 654 1641 .4.-
678 1551 747 1624 Sed
772 1573 894 1644 corpus
924 1575 995 1618 uno
1019 1549 1194 1624 individuo
1219 1549 1350 1623 instanti
1375 1550 1506 1646 nequit

568 1647 708 1741 spatium
729 1631 870 1743 aliquod
894 1646 1099 1732 describere,
1124 1650 1273 1743 ideoque
1297 1667 1435 1742 tempus
1450 1650 1505 1718 in-

567 1746 720 1836 tercedat
750 1761 910 1838 oportet3
946 1746 1043 1836 quod
1068 1743 1224 1816 definitur
1252 1745 1363 1910 aliqua
1387 1765 1505 1816 muta·

568 1842 700 1912 tionum
713 1840 796 1912 serie
809 1893 822 1926 ,
834 1865 910 1936 quae
923 1837 998 1911 sete¹
1009 1842 1216 1936 aequabiliter
1228 1865 1297 1913 con
1310 1862 1503 1938 equantur.
1545 1904 1546 1907 ,

402 1962 539 2016 velocitas·
621 1963 654 2029 5.
680 1940 795 2033 Atque
824 1937 1018 2010 arelatione
1032 1939 1138 2031 spatii,
1154 1929 1198 2010 ⁹&
1222 1938 1380 2032 temporis
1404 1942 1502 2012 ineo
1545 1940 1546 1955 ¹

567 2034 801 2130 percurrendo·
819 2032 952 2106 insumri
971 2033 1210 2106 determinatur
1222 2035 1402 2120 velocitas-3
1430 2035 1502 2129 ipsa

570 2135 660 2220 enirn
686 2131 734 2200 est
758 2125 890 2224 major,-
923 2151 1024 2222 prout
1057 2129 1234 2224 esttmajus
1259 2129 1428 2224 spatium,
1464 2140 1500 2201 δι

569 2231 693 2298 iterum
718 2227 851 2318 maior,
883 2245 984 2319 prout
1008 2227 1120 2299 minus
1144 2229 1191 2298 est
1215 2231 1346 2320 tempus
1372 2227 1500 2300 iusum·

570 2344 658 2394 rum·
680 2321 835 2418 Ideoque¹
855 2321 1009 2394 continet
1029 2325 1195 2394 rationem
1211 2325 1372 2396 disertam
1392 2323 1499 2418 spatii,

571 2417 792 2502 &inversam
817 2418 1002 2511 temporis3
1029 2440 1222 2515 propterea,
1233 2419 1304 2514 ejus
1329 2421 1498 2517 generalis

481 2567 484 2572 ,
569 2511 733 2610 expressio
759 2517 806 2588 est
832 2512 952 2612 Cn}

618 2719 651 2780 6.
676 2707 783 2807 Atqui
807 2705 851 2780 ad
873 2731 987 2784 motus
1011 2709 1234 2805 quantitatem
1249 2709 1495 2804 estimandum,

570 2802 638 2880 stve
662 2809 705 2880 ad
730 2829 911 2900 corporum
934 2825 1105 2879 momenta
1122 2807 1373 2879 determinanda
1384 2809 1499 2903 requi-

571 2906 655 2975 ritur
691 2905 838 2996 corporis
862 2903 983 2988 malla,
1018 2902 1102 2974 idest
1124 2904 1290 2998 quantitas
1323 2905 1501 3002 materiei,

573 3026 646 3094 quae
672 3003 952 3070 moveturr..Hac
975 2999 1066 3070 enim
1099 3005 1196 3072 aucta
1220 3025 1400 3094 corporum
1423 3026 1497 3071 mo-

572 3114 687 3166 menta
711 3115 899 3189 augentur3
931 3096 996 3183 hae
1020 3119 1101 3168 vero
1121 3098 1252 3170 minuta
1274 3099 1496 3179 minuuntur,

572 3190 664 3260 unde
688 3188 793 3282 posita
817 3188 943 3258 ea'dem‘
962 3190 1169 3277 velocitate,
1200 3191 1225 3264 fi
1249 3190 1345 3266 massa
1368 3190 1408 3262 s1t
1432 3194 1495 3264 du-

572 3287 650 3380 pla,
674 3286 735 3368 uel¹
756 3287 863 3378 tripla,
888 3286 952 3357 erit
978 3287 1083 3359 etiam·
1102 3292 1173 3382 eius
1199 3311 1409 3362 momentum
1434 3292 1496 3360 du-

565 3382 680 3482 plum,
703 3383 758 3454 vel
778 3383 925 3476 triplum.
952 3383 1070 3476 Quare
1084 3384 1250 3482 expressio
1269 3407 1379 3458 motus
1390 3411 1496 3481 quan-

564 3479 698 3566 ruatis,
711 3475 778 3552 sive
790 3479 955 3553 momenti
967 3531 979 3562 ‚
990 3481 1053 3564 erit
1067 3484 1104 3575 Q
1116 3504 1151 3557 :r
1165 3488 1238 3556 MC
1250 3484 1329 3569 ,vel
1340 3485 1376 3576 Q
1389 3505 1426 3560 Ξ
1440 3484 1494 3572 ΜΒ

396 3700 560 3752 Momentum
624 3698 657 3759 7.
672 3671 706 3744 si
733 3672 889 3750 carniste
914 3662 1178 3768 expressionibus
1204 3677 1495 3771 instituamuspro-

572 3771 766 3864 portiones3
786 3797 789 3802 ·
806 3777 841 3840 &
876 3769 1006 3869 aliquot
1030 3770 1276 3869 expressionum
1311 3777 1496 3853 elementa,

572 3866 630 3938 vel
652 3865 791 3962 aliquod
817 3859 925 3937 solunt
949 3869 1113 3962 ponamus
1137 3868 1310 3954 constans,
1345 3896 1420 3967 quae
1444 3892 1494 3938 re-

572 3963 665 4043 stant,
688 3961 941 4056 proportionem
977 3964 1177 4045 servabunt:
1212 3975 1247 4038 &
1275 3968 1355 4039 inde
1378 3989 1494 4061 quam·

570 4057 712 4156 plurima
738 4057 889 4130 'derivari
925 4065 1087 4153 poterunt
1119 4063 1326 4136 theoremata
1359 4059 1493 4144 matrimi

570 4153 669 4238 usus,
696 4173 796 4252 atque
821 4156 971 4228 utilitatis
997 4161 1032 4228 iu
1056 4161 1249 4235 mechanica
1273 4159 1436 4240 universa.

669 4253 783 4352 Unum
790 4303 804 4338 ,
828 4253 883 4328 vel
899 4253 1048 4347 ,alterum
1073 4257 1266 4353 exemplum
1291 4255 1420 4331 referre
1443 4253 1491 4351 ju
