3542 5309
285 756 372 831 tibus
397 754 544 852 pluribus
556 754 735 852 perforati,
752 778 845 855 xquae
868 772 959 853 putat
974 654 1218 834 tonteilfsse

286 879 459 959 trachea,
481 901 631 973 perquas
652 901 710 949 aer
720 873 871 971 ingredi,
896 895 931 949 et
955 877 1068 975 egredi
1094 882 1210 975 possin

287 993 483 1068 bombicem'
505 996 628 1067 mersit
651 995 687 1067 in
710 1022 848 1093 aquarn,
889 1016 924 1071 et
959 997 1038 1071 aeris
1073 998 1217 1073 bullulae
1321 1072 1325 1079 ,

287 1116 435 1213 undique
465 1140 507 1187 etr
531 1115 735 1213 stigmatibus
768 1117 1009 1211 erumpebant,
1045 1144 1128 1217 quae
1151 1115 1218 1191 sni-r

288 1236 379 1308 nime
403 1234 711 1329 conspiciebantur,
727 1232 761 1307 si
786 1235 932 1331 bombyx
955 1256 1103 1311 mortuus
1127 1262 1216 1310 mnt-

289 1374 441 1452 geretut:
463 1354 593 1427 illinirit
614 1356 764 1453 stigmata
787 1354 885 1450 partis
906 1380 959 1427 ex.
982 1380 1031 1453 gr.
1057 1355 1217 1431 dexterae·

289 1474 505 1571 paralyticus,
530 1492 564 1546 et
586 1473 657 1547 sine
680 1494 778 1547 motu
804 1474 898 1548 inea
922 1496 1014 1571 parte
1038 1476 1128 1547 illico
1152 1454 1217 1547 orss

288 1595 492 1678 cumbebat,
516 1594 663 1666 moribus
685 1591 721 1664 in
743 1596 841 1666 altera
865 1614 957 1690 parre
982 1592 1218 1689 manentibusp

289 1713 315 1794 si
342 1712 454 1812 omnia
476 1714 627 1809 stigmata
651 1714 729 1785 oleo
757 1713 936 1793 obliniebat
956 1713 1118 1787 continuo
1136 1734 1227 1865 prpe⁸

292 1833 448 1905 cumbeus
472 1830 692 1916 moriebatur,
717 1833 809 1932 quod
835 1833 925 1905 idem
948 1833 1157 1930 contingebat
1182 1835 1225 1907 si.

289 1952 396 2035 sebo,
419 1952 448 2025 si
470 1954 569 2023 meiie
590 1952 738 2049 stigmata
761 1933 969 2047 oppiesisset.
1114 1980 1120 1993 ’

364 2070 454 2143 Redi
478 2072 669 2143 sententiam
695 2073 737 2143 de
762 2072 963 2145 insectorum
992 2070 1217 2167 generatione

291 2208 398 2263 tuetur
421 2189 619 2263 validissime
628 2191 788 2263 refellens
804 2192 940 2289 obiecta¹
960 2216 976 2263 a
994 2191 1035 2261 cl.
1051 2194 1212 2263 Bonauno

253 2401 256 2419 Ι
290 2308 489 2407 proposita,
525 2328 560 2381 et
582 2311 690 2383 oraria
713 2310 747 2383 in
778 2301 1029 2406 papilionibus,
1057 2330 1091 2381 et
1114 2312 1211 2383 bom·

291 2430 364 2501 bice
387 2454 407 2501 a
430 2455 467 2502 se
489 2429 564 2524 ipso
588 2426 747 2514 detectas
779 2454 819 2503 ac
844 2430 1023 2505 delineata:
1048 2448 1083 2503 et
1107 2428 1216 2503 vindi·

290 2568 342 2623 eat
374 2546 547 2642 veritatem
571 2550 671 2622 roiate
697 2551 740 2621 ad
764 2550 826 2620 aiia‘
847 2570 1028 2629 sexcenta,
1065 2561 1149 2645 quae
1176 2546 1212 2617 in

290 2689 443 2743 anatome
465 2669 645 2762 plantarum
669 2669 854 2739 ostenderat
874 2686 893 2748 ,⁸
911 2664 1113 2739 concludens
1135 2688 1217 2737 cum

291 2790 499 2887 Hippocrate
529 2838 556 2871 „
584 2787 763 2869 fallacem,
798 2805 832 2856 et
855 2784 897 2855 ad
922 2806 1064 2859 errorem
1092 2784 1216 2879 procli·

295 2958 324 2992 ,‚
344 2932 424 2979 vern
444 2927 522 2979 esse
549 2900 823 2993 affirmationem,
853 2926 938 3003 quas
973 2901 1010 2974 fit
1042 2928 1119 2975 eum
1144 2928 1220 2999 gata

296 3079 323 3111 ,‚
343 3026 472 3118 rulitate
488 3056 498 3112 3
517 3044 551 3096 er
574 3050 651 3098 cum
676 3026 798 3099 Natura
822 3048 891 3096 non
915 3024 1086 3097 bominum
1111 3022 1218 3096 studia

297 3199 323 3246 3,
349 3144 621 3243 persolventibus
642 3146 749 3229 „sed
778 3146 880 3240 ipsam
911 3142 1099 3215 immediate
1115 3143 1220 3215 riade·

296 3318 320 3349 „
344 3262 496 3362 gautibus
519 3284 636 3358 pateat3
661 3289 771 3359 spero,
796 3264 923 3359 inquit,
948 3262 1217 3358 ptaeciarissirnos

298 3436 323 3469 „
345 3384 461 3467 vitos,
495 3385 617 3456 relictis
640 3389 823 3457 Auerotum
847 3382 998 3479 placitis,
1030 3384 1131 3477 ionga
1156 3380 1218 3453 ob·

295 3556 320 3588 „
340 3503 571 3577 servationum
593 3502 768 3576 tentamina
793 3502 1028 3583 institururos,
1052 3520 1084 3571 et
1106 3500 1216 3595 impe·
1336 3588 1343 3607 ι

296 3674 324 3708 ,,
346 3642 401 3697 cta
425 3622 586 3707 veritate,
624 3626 723 3712 satius
747 3623 903 3698 ducturos
929 3622 989 3692 sibi
1014 3618 1135 3717 aliquid
1162 3640 1220 3715 ges

296 3795 320 3826 ,‚
340 3764 463 3814 netose
486 3742 667 3825 detrahere,
691 3765 790 3839 quam
814 3739 913 3810 versis
932 3738 1084 3812 omnibus
1109 3738 1223 3811 indua

297 3914 319 3946 ‚,
342 3859 462 3942 bium,
497 3886 606 3934 reram
631 3859 885 3959 philosophandi
912 3858 1117 3931 methodum
1136 3858 1223 3929 labe·

299 4032 324 4065 ,‚
346 3981 480 4053 factare.

354 4104 401 4171 Ex
426 4099 599 4197 Maipighii
626 4100 748 4172 schot(
764 4098 888 4194 prodiit
914 4096 1138 4184 Ysllisnetius,
1165 4094 1224 4192 qui

299 4219 605 4309 obseruationibus,
631 4238 665 4295 et
690 4219 919 4316 experimentis
943 4218 1096 4291 addictus
1122 4215 1226 4312 pluri·
