<?xml version="1.0" encoding="UTF-8"?>
<!DOCTYPE html PUBLIC "-//W3C//DTD XHTML 1.0 Transitional//EN"
    "http://www.w3.org/TR/xhtml1/DTD/xhtml1-transitional.dtd">
<html xmlns="http://www.w3.org/1999/xhtml" xml:lang="en" lang="en">
 <head>
  <title>
</title>
<meta http-equiv="Content-Type" content="text/html;charset=utf-8" />
  <meta name='ocr-system' content='tesseract 3.04.00' />
  <meta name='ocr-capabilities' content='ocr_page ocr_carea ocr_par ocr_line ocrx_word'/>
</head>
<body>
  <div class='ocr_page' id='page_1' title='image "./physicaeexperim00torigoog_0071.png"; bbox 0 0 3542 5309; ppageno 0'>
   <div class='ocr_carea' id='block_1_1' title="bbox 277 646 1214 850">
    <p class='ocr_par' dir='ltr' id='par_1_1' title="bbox 277 646 1214 850">
     <span class='ocr_line' id='line_1_1' title="bbox 277 646 1214 850; baseline 0.002 -25"><span class='ocrx_word' id='word_1_1' title='bbox 277 749 452 838; x_wconf 66' lang='lat' dir='ltr'>aciculis:</span> <span class='ocrx_word' id='word_1_2' title='bbox 488 767 566 848; x_wconf 81' lang='lat' dir='ltr'>post</span> <span class='ocrx_word' id='word_1_3' title='bbox 588 776 645 827; x_wconf 84' lang='lat' dir='ltr'>sex</span> <span class='ocrx_word' id='word_1_4' title='bbox 668 746 886 829; x_wconf 85' lang='lat' dir='ltr'>incubationis</span> <span class='ocrx_word' id='word_1_5' title='bbox 909 750 1006 825; x_wconf 85' lang='lat' dir='ltr'>boras</span> <span class='ocrx_word' id='word_1_6' title='bbox 1030 646 1214 850; x_wconf 56' lang='lat' dir='ltr'>mitigat</span> 
     </span>
    </p>
   </div>
   <div class='ocr_carea' id='block_1_2' title="bbox 275 865 1218 1927">
    <p class='ocr_par' dir='ltr' id='par_1_2' title="bbox 275 865 1218 1927">
     <span class='ocr_line' id='line_1_2' title="bbox 275 865 1214 970; baseline 0 -24"><span class='ocrx_word' id='word_1_7' title='bbox 275 873 483 946; x_wconf 78' lang='lat' dir='ltr'>cicatricula</span> <span class='ocrx_word' id='word_1_8' title='bbox 506 870 548 944; x_wconf 85' lang='lat' dir='ltr'>ad</span> <span class='ocrx_word' id='word_1_9' title='bbox 571 872 635 968; x_wconf 85' lang='lat' dir='ltr'>pisi</span> <span class='ocrx_word' id='word_1_10' title='bbox 654 865 932 970; x_wconf 73' lang='lat' dir='ltr'>magnitudinem:</span> <span class='ocrx_word' id='word_1_11' title='bbox 958 890 1033 965; x_wconf 85' lang='lat' dir='ltr'>post</span> <span class='ocrx_word' id='word_1_12' title='bbox 1057 873 1153 945; x_wconf 83' lang='lat' dir='ltr'>horat</span> <span class='ocrx_word' id='word_1_13' title='bbox 1166 898 1214 965; x_wconf 75' lang='lat'>²4</span> 
     </span>
     <span class='ocr_line' id='line_1_3' title="bbox 282 988 1215 1089; baseline -0.002 -24"><span class='ocrx_word' id='word_1_14' title='bbox 282 991 416 1065; x_wconf 83' lang='lat' dir='ltr'>circelli</span> <span class='ocrx_word' id='word_1_15' title='bbox 442 988 527 1065; x_wconf 84' lang='lat' dir='ltr'>fiunt</span> <span class='ocrx_word' id='word_1_16' title='bbox 549 990 756 1087; x_wconf 77' lang='lat' dir='ltr'>grandiores,</span> <span class='ocrx_word' id='word_1_17' title='bbox 778 990 980 1089; x_wconf 89' lang='lat' dir='ltr'>inquorum</span> <span class='ocrx_word' id='word_1_18' title='bbox 1004 990 1119 1073; x_wconf 84' lang='lat' dir='ltr'>medio</span> <span class='ocrx_word' id='word_1_19' title='bbox 1144 1015 1215 1069; x_wconf 80' lang='lat' dir='ltr'>vet·</span> 
     </span>
     <span class='ocr_line' id='line_1_4' title="bbox 283 1096 1217 1207; baseline 0.002 -26"><span class='ocrx_word' id='word_1_20' title='bbox 283 1096 482 1194; x_wconf 78' lang='lat' dir='ltr'>tebrarum,</span> <span class='ocrx_word' id='word_1_21' title='bbox 516 1130 549 1181; x_wconf 86' lang='lat' dir='ltr'>et</span> <span class='ocrx_word' id='word_1_22' title='bbox 573 1109 683 1185; x_wconf 82' lang='lat' dir='ltr'>cordi:</span> <span class='ocrx_word' id='word_1_23' title='bbox 706 1108 885 1206; x_wconf 84' lang='lat' dir='ltr'>primordia</span> <span class='ocrx_word' id='word_1_24' title='bbox 918 1112 1136 1207; x_wconf 70' lang='lat' dir='ltr'>apparebant:</span> <span class='ocrx_word' id='word_1_25' title='bbox 1168 1110 1217 1185; x_wconf 84' lang='lat' dir='ltr'>tl·</span> 
     </span>
     <span class='ocr_line' id='line_1_5' title="bbox 287 1228 1215 1326; baseline 0.005 -27"><span class='ocrx_word' id='word_1_26' title='bbox 287 1249 365 1305; x_wconf 83' lang='lat' dir='ltr'>tero</span> <span class='ocrx_word' id='word_1_27' title='bbox 392 1230 451 1303; x_wconf 89' lang='lat' dir='ltr'>die</span> <span class='ocrx_word' id='word_1_28' title='bbox 473 1230 601 1303; x_wconf 78' lang='lat' dir='ltr'>cerebri</span> <span class='ocrx_word' id='word_1_29' title='bbox 625 1229 809 1305; x_wconf 83' lang='lat' dir='ltr'>vesciculae</span> <span class='ocrx_word' id='word_1_30' title='bbox 831 1255 911 1305; x_wconf 91' lang='lat' dir='ltr'>cum</span> <span class='ocrx_word' id='word_1_31' title='bbox 934 1228 1047 1326; x_wconf 78' lang='lat' dir='ltr'>spirali</span> <span class='ocrx_word' id='word_1_32' title='bbox 1070 1229 1215 1305; x_wconf 80' lang='lat' dir='ltr'>medulla</span> 
     </span>
     <span class='ocr_line' id='line_1_6' title="bbox 289 1340 1215 1447; baseline 0.004 -26"><span class='ocrx_word' id='word_1_33' title='bbox 289 1368 384 1421; x_wconf 85' lang='lat' dir='ltr'>etant</span> <span class='ocrx_word' id='word_1_34' title='bbox 409 1348 642 1434; x_wconf 75' lang='lat' dir='ltr'>continuatae,</span> <span class='ocrx_word' id='word_1_35' title='bbox 672 1351 837 1423; x_wconf 82' lang='lat' dir='ltr'>vertebrae</span> <span class='ocrx_word' id='word_1_36' title='bbox 858 1340 1215 1447; x_wconf 59' lang='lat' dir='ltr'>magis&#39;coutpicuae,</span> 
     </span>
     <span class='ocr_line' id='line_1_7' title="bbox 288 1450 1217 1567; baseline -0.002 -24"><span class='ocrx_word' id='word_1_37' title='bbox 288 1468 471 1567; x_wconf 81' lang='lat' dir='ltr'>sanguinea</span> <span class='ocrx_word' id='word_1_38' title='bbox 494 1492 570 1540; x_wconf 84' lang='lat' dir='ltr'>vasa</span> <span class='ocrx_word' id='word_1_39' title='bbox 594 1450 793 1565; x_wconf 77' lang='lat' dir='ltr'>prodibant,</span> <span class='ocrx_word' id='word_1_40' title='bbox 816 1493 877 1541; x_wconf 91' lang='lat' dir='ltr'>cor</span> <span class='ocrx_word' id='word_1_41' title='bbox 893 1469 1070 1565; x_wconf 79' lang='lat' dir='ltr'>-pulsabat,</span> <span class='ocrx_word' id='word_1_42' title='bbox 1096 1470 1217 1543; x_wconf 88' lang='lat' dir='ltr'>oculo·</span> 
     </span>
     <span class='ocr_line' id='line_1_8' title="bbox 289 1588 1218 1693; baseline 0.004 -34"><span class='ocrx_word' id='word_1_43' title='bbox 289 1613 366 1659; x_wconf 93' lang='lat' dir='ltr'>rum</span> <span class='ocrx_word' id='word_1_44' title='bbox 392 1588 571 1693; x_wconf 75' lang='lat' dir='ltr'>primordia</span> <span class='ocrx_word' id='word_1_45' title='bbox 601 1588 849 1685; x_wconf 77' lang='lat' dir='ltr'>prominebant:</span> <span class='ocrx_word' id='word_1_46' title='bbox 875 1606 952 1683; x_wconf 87' lang='lat' dir='ltr'>post</span> <span class='ocrx_word' id='word_1_47' title='bbox 976 1588 1118 1661; x_wconf 80' lang='lat' dir='ltr'>triduum</span> <span class='ocrx_word' id='word_1_48' title='bbox 1142 1614 1218 1672; x_wconf 85' lang='lat' dir='ltr'>cor.</span> 
     </span>
     <span class='ocr_line' id='line_1_9' title="bbox 291 1706 1216 1805; baseline -0.002 -24"><span class='ocrx_word' id='word_1_49' title='bbox 291 1708 434 1805; x_wconf 76' lang='lat' dir='ltr'>ejusque</span> <span class='ocrx_word' id='word_1_50' title='bbox 458 1727 596 1793; x_wconf 88' lang='lat' dir='ltr'>motus,</span> <span class='ocrx_word' id='word_1_51' title='bbox 633 1728 668 1781; x_wconf 88' lang='lat' dir='ltr'>et</span> <span class='ocrx_word' id='word_1_52' title='bbox 689 1706 820 1805; x_wconf 85' lang='lat' dir='ltr'>sanguis</span> <span class='ocrx_word' id='word_1_53' title='bbox 851 1706 959 1781; x_wconf 89' lang='lat' dir='ltr'>abeo</span> <span class='ocrx_word' id='word_1_54' title='bbox 985 1712 1096 1804; x_wconf 88' lang='lat' dir='ltr'>pulsus</span> <span class='ocrx_word' id='word_1_55' title='bbox 1125 1726 1216 1783; x_wconf 83' lang='lat' dir='ltr'>etant</span> 
     </span>
     <span class='ocr_line' id='line_1_10' title="bbox 291 1826 1217 1927; baseline -0.002 -24"><span class='ocrx_word' id='word_1_56' title='bbox 291 1828 537 1911; x_wconf 76' lang='lat' dir='ltr'>manifestiora:</span> <span class='ocrx_word' id='word_1_57' title='bbox 562 1828 651 1899; x_wconf 86' lang='lat' dir='ltr'>oculi</span> <span class='ocrx_word' id='word_1_58' title='bbox 665 1826 900 1901; x_wconf 87' lang='lat' dir='ltr'>distinctiotes:</span> <span class='ocrx_word' id='word_1_59' title='bbox 925 1848 1002 1923; x_wconf 88' lang='lat' dir='ltr'>post</span> <span class='ocrx_word' id='word_1_60' title='bbox 1017 1826 1106 1901; x_wconf 89' lang='lat' dir='ltr'>diem</span> <span class='ocrx_word' id='word_1_61' title='bbox 1119 1852 1217 1927; x_wconf 85' lang='lat' dir='ltr'>quar·</span> 
     </span>
    </p>
   </div>
   <div class='ocr_carea' id='block_1_3' title="bbox 294 1946 1322 2042">
    <p class='ocr_par' dir='ltr' id='par_1_3' title="bbox 294 1946 1322 2042">
     <span class='ocr_line' id='line_1_11' title="bbox 294 1946 1322 2042; baseline 0.002 -25"><span class='ocrx_word' id='word_1_62' title='bbox 294 1966 359 2019; x_wconf 87' lang='lat' dir='ltr'>tam</span> <span class='ocrx_word' id='word_1_63' title='bbox 384 1946 493 2021; x_wconf 87' lang='lat' dir='ltr'>carina</span> <span class='ocrx_word' id='word_1_64' title='bbox 516 1946 581 2038; x_wconf 72' lang='lat' dir='ltr'>jam</span> <span class='ocrx_word' id='word_1_65' title='bbox 604 1946 674 2019; x_wconf 87' lang='lat' dir='ltr'>fere</span> <span class='ocrx_word' id='word_1_66' title='bbox 685 1971 822 2029; x_wconf 87' lang='lat' dir='ltr'>carnea,</span> <span class='ocrx_word' id='word_1_67' title='bbox 845 1948 938 2029; x_wconf 86' lang='lat' dir='ltr'>alae,</span> <span class='ocrx_word' id='word_1_68' title='bbox 964 1968 998 2019; x_wconf 89' lang='lat' dir='ltr'>et</span> <span class='ocrx_word' id='word_1_69' title='bbox 1019 1970 1113 2020; x_wconf 81' lang='lat' dir='ltr'>cruta</span> <span class='ocrx_word' id='word_1_70' title='bbox 1137 1970 1217 2042; x_wconf 88' lang='lat' dir='ltr'>pro·</span> <span class='ocrx_word' id='word_1_71' title='bbox 1319 1986 1322 1993; x_wconf 85' lang='lat'>.</span> 
     </span>
    </p>
   </div>
   <div class='ocr_carea' id='block_1_4' title="bbox 293 2064 1333 3832">
    <p class='ocr_par' dir='ltr' id='par_1_4' title="bbox 293 2064 1333 3474">
     <span class='ocr_line' id='line_1_12' title="bbox 293 2064 1217 2165; baseline 0.001 -27"><span class='ocrx_word' id='word_1_72' title='bbox 293 2067 523 2151; x_wconf 75' lang='lat' dir='ltr'>ducebantur:</span> <span class='ocrx_word' id='word_1_73' title='bbox 560 2087 637 2161; x_wconf 84' lang='lat' dir='ltr'>post</span> <span class='ocrx_word' id='word_1_74' title='bbox 659 2065 820 2163; x_wconf 65' lang='lat' dir='ltr'>quintam</span> <span class='ocrx_word' id='word_1_75' title='bbox 852 2064 941 2139; x_wconf 85' lang='lat' dir='ltr'>diem</span> <span class='ocrx_word' id='word_1_76' title='bbox 966 2064 1087 2139; x_wconf 86' lang='lat' dir='ltr'>viscera</span> <span class='ocrx_word' id='word_1_77' title='bbox 1109 2066 1217 2165; x_wconf 78' lang='lat' dir='ltr'>oeulis</span> 
     </span>
     <span class='ocr_line' id='line_1_13' title="bbox 294 2184 1220 2281; baseline 0.001 -25"><span class='ocrx_word' id='word_1_78' title='bbox 294 2185 575 2278; x_wconf 67' lang='lat' dir='ltr'>subjiciebantur,</span> <span class='ocrx_word' id='word_1_79' title='bbox 606 2187 740 2259; x_wconf 80' lang='lat' dir='ltr'>thorace</span> <span class='ocrx_word' id='word_1_80' title='bbox 764 2204 925 2281; x_wconf 86' lang='lat' dir='ltr'>patente,</span> <span class='ocrx_word' id='word_1_81' title='bbox 950 2184 1060 2259; x_wconf 88' lang='lat' dir='ltr'>cordis</span> <span class='ocrx_word' id='word_1_82' title='bbox 1083 2184 1220 2257; x_wconf 80' lang='lat' dir='ltr'>errantis</span> 
     </span>
     <span class='ocr_line' id='line_1_14' title="bbox 296 2303 1219 2401; baseline 0.002 -26"><span class='ocrx_word' id='word_1_83' title='bbox 296 2325 407 2379; x_wconf 88' lang='lat' dir='ltr'>motus</span> <span class='ocrx_word' id='word_1_84' title='bbox 432 2303 636 2399; x_wconf 82' lang='lat' dir='ltr'>apertissime</span> <span class='ocrx_word' id='word_1_85' title='bbox 670 2304 958 2401; x_wconf 84' lang='lat' dir='ltr'>conspiciebatur;</span> <span class='ocrx_word' id='word_1_86' title='bbox 995 2324 1070 2399; x_wconf 86' lang='lat' dir='ltr'>post</span> <span class='ocrx_word' id='word_1_87' title='bbox 1094 2325 1219 2379; x_wconf 84' lang='lat' dir='ltr'>sextam</span> 
     </span>
     <span class='ocr_line' id='line_1_15' title="bbox 298 2423 1221 2521; baseline 0.005 -26"><span class='ocrx_word' id='word_1_88' title='bbox 298 2445 404 2497; x_wconf 85' lang='lat' dir='ltr'>totum</span> <span class='ocrx_word' id='word_1_89' title='bbox 430 2424 535 2497; x_wconf 84' lang='lat' dir='ltr'>ferme</span> <span class='ocrx_word' id='word_1_90' title='bbox 559 2425 708 2497; x_wconf 82' lang='lat' dir='ltr'>vitellum</span> <span class='ocrx_word' id='word_1_91' title='bbox 742 2447 817 2497; x_wconf 80' lang='lat' dir='ltr'>vasa</span> <span class='ocrx_word' id='word_1_92' title='bbox 841 2423 1038 2499; x_wconf 85' lang='lat' dir='ltr'>umbilicalia</span> <span class='ocrx_word' id='word_1_93' title='bbox 1063 2425 1221 2521; x_wconf 81' lang='lat' dir='ltr'>pervade-</span> 
     </span>
     <span class='ocr_line' id='line_1_16' title="bbox 297 2543 1222 2640; baseline 0.002 -25"><span class='ocrx_word' id='word_1_94' title='bbox 297 2544 371 2615; x_wconf 87' lang='lat' dir='ltr'>bant</span> <span class='ocrx_word' id='word_1_95' title='bbox 387 2543 627 2639; x_wconf 82' lang='lat' dir='ltr'>colliquatione</span> <span class='ocrx_word' id='word_1_96' title='bbox 637 2545 827 2624; x_wconf 82' lang='lat' dir='ltr'>albuminis3</span> <span class='ocrx_word' id='word_1_97' title='bbox 852 2564 930 2638; x_wconf 86' lang='lat' dir='ltr'>post</span> <span class='ocrx_word' id='word_1_98' title='bbox 946 2544 1117 2640; x_wconf 84' lang='lat' dir='ltr'>septimam</span> <span class='ocrx_word' id='word_1_99' title='bbox 1133 2544 1222 2623; x_wconf 85' lang='lat' dir='ltr'>diem</span> 
     </span>
     <span class='ocr_line' id='line_1_17' title="bbox 299 2661 1222 2759; baseline 0.002 -26"><span class='ocrx_word' id='word_1_100' title='bbox 299 2663 424 2738; x_wconf 78' lang='lat' dir='ltr'>viscera</span> <span class='ocrx_word' id='word_1_101' title='bbox 450 2661 633 2737; x_wconf 87' lang='lat' dir='ltr'>distinctius</span> <span class='ocrx_word' id='word_1_102' title='bbox 656 2663 874 2757; x_wconf 74' lang='lat' dir='ltr'>apparebant3</span> <span class='ocrx_word' id='word_1_103' title='bbox 908 2661 1028 2736; x_wconf 84' lang='lat' dir='ltr'>deiude</span> <span class='ocrx_word' id='word_1_104' title='bbox 1052 2661 1222 2759; x_wconf 83' lang='lat' dir='ltr'>usquead</span> 
     </span>
     <span class='ocr_line' id='line_1_18' title="bbox 299 2779 1223 2877; baseline -0.011 -22"><span class='ocrx_word' id='word_1_105' title='bbox 299 2783 462 2855; x_wconf 77' lang='lat' dir='ltr'>decimam</span> <span class='ocrx_word' id='word_1_106' title='bbox 480 2784 598 2856; x_wconf 78' lang='lat' dir='ltr'>omnia</span> <span class='ocrx_word' id='word_1_107' title='bbox 612 2779 866 2877; x_wconf 85' lang='lat' dir='ltr'>amplificantur:</span> <span class='ocrx_word' id='word_1_108' title='bbox 891 2781 945 2852; x_wconf 85' lang='lat' dir='ltr'>dio</span> <span class='ocrx_word' id='word_1_109' title='bbox 962 2779 1133 2851; x_wconf 85' lang='lat' dir='ltr'>undecima</span> <span class='ocrx_word' id='word_1_110' title='bbox 1148 2782 1223 2876; x_wconf 84' lang='lat' dir='ltr'>plu.</span> 
     </span>
     <span class='ocr_line' id='line_1_19' title="bbox 299 2897 1224 2997; baseline 0 -22"><span class='ocrx_word' id='word_1_111' title='bbox 299 2928 369 2997; x_wconf 86' lang='lat' dir='ltr'>mae</span> <span class='ocrx_word' id='word_1_112' title='bbox 394 2900 608 2984; x_wconf 81' lang='lat' dir='ltr'>exoriuntur,</span> <span class='ocrx_word' id='word_1_113' title='bbox 632 2900 723 2973; x_wconf 89' lang='lat' dir='ltr'>oculi</span> <span class='ocrx_word' id='word_1_114' title='bbox 748 2898 938 2971; x_wconf 87' lang='lat' dir='ltr'>muniuntur</span> <span class='ocrx_word' id='word_1_115' title='bbox 962 2897 1138 2995; x_wconf 84' lang='lat' dir='ltr'>palpebris:</span> <span class='ocrx_word' id='word_1_116' title='bbox 1163 2900 1224 2975; x_wconf 85' lang='lat' dir='ltr'>tle·</span> 
     </span>
     <span class='ocr_line' id='line_1_20' title="bbox 298 3017 1222 3117; baseline 0.003 -23"><span class='ocrx_word' id='word_1_117' title='bbox 298 3046 390 3094; x_wconf 90' lang='lat' dir='ltr'>mum</span> <span class='ocrx_word' id='word_1_118' title='bbox 414 3020 556 3117; x_wconf 83' lang='lat' dir='ltr'>singulis</span> <span class='ocrx_word' id='word_1_119' title='bbox 577 3020 760 3093; x_wconf 83' lang='lat' dir='ltr'>successive</span> <span class='ocrx_word' id='word_1_120' title='bbox 785 3017 901 3091; x_wconf 87' lang='lat' dir='ltr'>diebus</span> <span class='ocrx_word' id='word_1_121' title='bbox 925 3019 1035 3091; x_wconf 86' lang='lat' dir='ltr'>omnia</span> <span class='ocrx_word' id='word_1_122' title='bbox 1059 3037 1222 3116; x_wconf 62' lang='lat' dir='ltr'>oppertus</span> 
     </span>
     <span class='ocr_line' id='line_1_21' title="bbox 300 3120 1333 3237; baseline 0 -24"><span class='ocrx_word' id='word_1_123' title='bbox 300 3166 379 3213; x_wconf 87' lang='lat' dir='ltr'>num</span> <span class='ocrx_word' id='word_1_124' title='bbox 402 3127 828 3235; x_wconf 54' lang='lat' dir='ltr'>capiu&#39;ntfinctementum,</span> <span class='ocrx_word' id='word_1_125' title='bbox 853 3139 960 3209; x_wconf 86' lang='lat' dir='ltr'>donec</span> <span class='ocrx_word' id='word_1_126' title='bbox 985 3138 1039 3213; x_wconf 92' lang='lat' dir='ltr'>die</span> <span class='ocrx_word' id='word_1_127' title='bbox 1064 3139 1221 3237; x_wconf 76' lang='lat' dir='ltr'>vigesima</span> <span class='ocrx_word' id='word_1_128' title='bbox 1331 3120 1333 3127; x_wconf 21' lang='grc' dir='ltr'>Ι</span> 
     </span>
     <span class='ocr_line' id='line_1_22' title="bbox 300 3256 1222 3356; baseline 0.002 -25"><span class='ocrx_word' id='word_1_129' title='bbox 300 3260 401 3356; x_wconf 86' lang='lat' dir='ltr'>prima</span> <span class='ocrx_word' id='word_1_130' title='bbox 428 3261 536 3352; x_wconf 84' lang='lat' dir='ltr'>pullus</span> <span class='ocrx_word' id='word_1_131' title='bbox 559 3257 623 3351; x_wconf 81' lang='lat' dir='ltr'>jam</span> <span class='ocrx_word' id='word_1_132' title='bbox 648 3258 774 3354; x_wconf 82' lang='lat' dir='ltr'>pipicus</span> <span class='ocrx_word' id='word_1_133' title='bbox 798 3256 1090 3341; x_wconf 68' lang='lat' dir='ltr'>testamiriabilem</span> <span class='ocrx_word' id='word_1_134' title='bbox 1115 3279 1222 3335; x_wconf 86' lang='lat' dir='ltr'>rostro</span> 
     </span>
     <span class='ocr_line' id='line_1_23' title="bbox 300 3376 480 3474; baseline -0.011 -23"><span class='ocrx_word' id='word_1_135' title='bbox 300 3376 480 3474; x_wconf 88' lang='lat' dir='ltr'>pertundit.</span> 
     </span>
    </p>

    <p class='ocr_par' dir='ltr' id='par_1_5' title="bbox 301 3493 1241 3832">
     <span class='ocr_line' id='line_1_24' title="bbox 361 3493 1241 3605; baseline -0.007 -38"><span class='ocrx_word' id='word_1_136' title='bbox 361 3497 483 3594; x_wconf 77' lang='lat' dir='ltr'>Aliqua</span> <span class='ocrx_word' id='word_1_137' title='bbox 519 3493 626 3605; x_wconf 78' lang='lat' dir='ltr'>obiter</span> <span class='ocrx_word' id='word_1_138' title='bbox 650 3493 806 3593; x_wconf 74' lang='lat' dir='ltr'>attingam</span> <span class='ocrx_word' id='word_1_139' title='bbox 830 3520 906 3570; x_wconf 86' lang='lat' dir='ltr'>cum</span> <span class='ocrx_word' id='word_1_140' title='bbox 932 3496 1050 3569; x_wconf 89' lang='lat' dir='ltr'>eodem</span> <span class='ocrx_word' id='word_1_141' title='bbox 1077 3495 1241 3569; x_wconf 72' lang='lat' dir='ltr'>Auctore,</span> 
     </span>
     <span class='ocr_line' id='line_1_25' title="bbox 301 3613 1224 3714; baseline 0.001 -27"><span class='ocrx_word' id='word_1_142' title='bbox 301 3616 342 3689; x_wconf 82' lang='lat' dir='ltr'>tle</span> <span class='ocrx_word' id='word_1_143' title='bbox 366 3615 574 3712; x_wconf 62' lang='lat' dir='ltr'>vegetatione</span> <span class='ocrx_word' id='word_1_144' title='bbox 606 3613 642 3685; x_wconf 90' lang='lat' dir='ltr'>in</span> <span class='ocrx_word' id='word_1_145' title='bbox 667 3614 763 3687; x_wconf 86' lang='lat' dir='ltr'>tritici</span> <span class='ocrx_word' id='word_1_146' title='bbox 787 3640 915 3714; x_wconf 83' lang='lat' dir='ltr'>grano:</span> <span class='ocrx_word' id='word_1_147' title='bbox 953 3640 1086 3713; x_wconf 84' lang='lat' dir='ltr'>granum</span> <span class='ocrx_word' id='word_1_148' title='bbox 1125 3614 1224 3689; x_wconf 88' lang='lat' dir='ltr'>tritici</span> 
     </span>
     <span class='ocr_line' id='line_1_26' title="bbox 302 3733 1224 3832; baseline 0.003 -28"><span class='ocrx_word' id='word_1_149' title='bbox 302 3752 405 3807; x_wconf 86' lang='lat' dir='ltr'>tettae</span> <span class='ocrx_word' id='word_1_150' title='bbox 431 3737 642 3809; x_wconf 70' lang='lat' dir='ltr'>commisruut</span> <span class='ocrx_word' id='word_1_151' title='bbox 659 3735 821 3829; x_wconf 88' lang='lat' dir='ltr'>principio</span> <span class='ocrx_word' id='word_1_152' title='bbox 845 3753 967 3828; x_wconf 83' lang='lat' dir='ltr'>turget,</span> <span class='ocrx_word' id='word_1_153' title='bbox 992 3752 1026 3805; x_wconf 89' lang='lat' dir='ltr'>et</span> <span class='ocrx_word' id='word_1_154' title='bbox 1042 3753 1157 3832; x_wconf 84' lang='lat' dir='ltr'>exacto</span> <span class='ocrx_word' id='word_1_155' title='bbox 1169 3733 1224 3807; x_wconf 84' lang='lat' dir='ltr'>dio</span> 
     </span>
    </p>
   </div>
   <div class='ocr_carea' id='block_1_5' title="bbox 303 3838 1346 3952">
    <p class='ocr_par' dir='ltr' id='par_1_6' title="bbox 303 3838 1346 3952">
     <span class='ocr_line' id='line_1_27' title="bbox 303 3838 1346 3952; baseline 0.005 -26"><span class='ocrx_word' id='word_1_156' title='bbox 303 3873 417 3928; x_wconf 85' lang='lat' dir='ltr'>cortex</span> <span class='ocrx_word' id='word_1_157' title='bbox 433 3852 518 3928; x_wconf 87' lang='lat' dir='ltr'>circa</span> <span class='ocrx_word' id='word_1_158' title='bbox 541 3838 676 3952; x_wconf 82' lang='lat' dir='ltr'>germen</span> <span class='ocrx_word' id='word_1_159' title='bbox 690 3855 835 3946; x_wconf 87' lang='lat' dir='ltr'>pluribus</span> <span class='ocrx_word' id='word_1_160' title='bbox 848 3853 985 3925; x_wconf 86' lang='lat' dir='ltr'>hiatibus</span> <span class='ocrx_word' id='word_1_161' title='bbox 1003 3854 1223 3948; x_wconf 82' lang='lat' dir='ltr'>disrumpitur;</span> <span class='ocrx_word' id='word_1_162' title='bbox 1339 3884 1346 3893; x_wconf 88' lang='grc'>·</span> 
     </span>
    </p>
   </div>
   <div class='ocr_carea' id='block_1_6' title="bbox 304 3972 1226 4313">
    <p class='ocr_par' dir='ltr' id='par_1_7' title="bbox 304 3972 1226 4313">
     <span class='ocr_line' id='line_1_28' title="bbox 304 3972 1225 4071; baseline 0 -28"><span class='ocrx_word' id='word_1_163' title='bbox 304 3996 440 4069; x_wconf 79' lang='lat' dir='ltr'>germen</span> <span class='ocrx_word' id='word_1_164' title='bbox 463 3973 693 4071; x_wconf 78' lang='lat' dir='ltr'>aliquantisper</span> <span class='ocrx_word' id='word_1_165' title='bbox 713 3972 920 4054; x_wconf 84' lang='lat' dir='ltr'>intumescit,</span> <span class='ocrx_word' id='word_1_166' title='bbox 935 3973 1034 4069; x_wconf 83' lang='lat' dir='ltr'>&#39;quod</span> <span class='ocrx_word' id='word_1_167' title='bbox 1051 3975 1154 4053; x_wconf 86' lang='lat' dir='ltr'>unico</span> <span class='ocrx_word' id='word_1_168' title='bbox 1171 3972 1225 4055; x_wconf 47' lang='lat' dir='ltr'>foa</span> 
     </span>
     <span class='ocr_line' id='line_1_29' title="bbox 304 4090 1222 4188; baseline 0.001 -28"><span class='ocrx_word' id='word_1_169' title='bbox 304 4092 351 4164; x_wconf 88' lang='lat' dir='ltr'>lio</span> <span class='ocrx_word' id='word_1_170' title='bbox 379 4090 647 4175; x_wconf 82' lang='lat' dir='ltr'>circumvoluto,</span> <span class='ocrx_word' id='word_1_171' title='bbox 676 4110 711 4161; x_wconf 93' lang='lat' dir='ltr'>et</span> <span class='ocrx_word' id='word_1_172' title='bbox 733 4090 899 4165; x_wconf 83' lang='lat' dir='ltr'>farinaceo</span> <span class='ocrx_word' id='word_1_173' title='bbox 915 4091 1120 4167; x_wconf 81' lang='lat' dir='ltr'>obvolvitur:</span> <span class='ocrx_word' id='word_1_174' title='bbox 1147 4110 1222 4188; x_wconf 85' lang='lat' dir='ltr'>post</span> 
     </span>
     <span class='ocr_line' id='line_1_30' title="bbox 307 4208 1226 4313; baseline 0.01 -32"><span class='ocrx_word' id='word_1_175' title='bbox 307 4208 442 4283; x_wconf 89' lang='lat' dir='ltr'>biduum</span> <span class='ocrx_word' id='word_1_176' title='bbox 466 4212 567 4298; x_wconf 77' lang='lat' dir='ltr'>caulis</span> <span class='ocrx_word' id='word_1_177' title='bbox 590 4210 749 4312; x_wconf 79' lang='lat' dir='ltr'>erigitur,</span> <span class='ocrx_word' id='word_1_178' title='bbox 772 4210 1006 4295; x_wconf 78' lang='lat' dir='ltr'>involucrum,</span> <span class='ocrx_word' id='word_1_179' title='bbox 1029 4214 1119 4313; x_wconf 84' lang='lat' dir='ltr'>quod</span> <span class='ocrx_word' id='word_1_180' title='bbox 1144 4208 1226 4291; x_wconf 72' lang='lat' dir='ltr'>todi·</span> 
     </span>
    </p>
   </div>
   <div class='ocr_carea' id='block_1_7' title="bbox 0 0 1800 5309">
    <p class='ocr_par' dir='ltr' id='par_1_8' title="bbox 0 0 1800 5309">
     <span class='ocr_line' id='line_1_31' title="bbox 0 0 1800 5309; baseline 0 0"><span class='ocrx_word' id='word_1_181' title='bbox 0 0 1800 5309; x_wconf 95' lang='lat' dir='ltr'> </span> 
     </span>
    </p>
   </div>
  </div>
 </body>
</html>
